1548 2464
207 193 962 104 ſur le paſſetẽps des chiẽs et oyſeaulx

108 299 1113 87 Doulans porter chiens de race contre aire

117 371 1161 103 De bons oyſeaulx lors en parolle entrerent

106 451 1067 105 Si fault ſcauoir ou elles ſencontrerent.

98 599 1162 105 ¶ Aduint ce iour cõme ſeigneurs ſaduisent

102 683 1090 101 De prendre eſbatz et de chaſſes deuiſent

96 759 1135 99 Vng cheualier ſes ueneurs miſt en queſte

92 837 1125 95 Qui promptement feirent bonne enqueſte

100 913 1121 93 Et aux taillis des foreſts tant tournerent

108 989 1150 99 Si bien a point qung grãt cerf deſtournerẽt

92 1067 1088 91 Leut rapport fait, ce bon ſeigneur enuoye

100 1145 1172 95 Couppler ces chiẽs ⁊ les fait mettre en uoye

96 1221 1069 97 La dame eſt la qui dit par ſez bons dieux

94 1295 1059 99 Que huy elle orra les chantz melodieux

104 1369 1166 95 Des chiens courãs et que bon heur conduit

98 1457 938 99 Le ſien deſir dauoir part au deſduit.

90 1599 1003 101 ¶ Ceſt la facon legiere et uoluntaire

104 1673 1168 103 Des dames, mais de ce nous uoulons taire

106 1763 967 95 Sus de par dieux/on dreſſe le banquet

92 1833 1040 93 Puis tout ſen ua,et briquet et marquet

92 1907 1005 121 Ainſi gayement a lassemblee allerent
