1533 2473
604 173 786 107 ¶Le debat entre deux dames

226 267 1183 118 Et lors ueneurs le cerf aux chiens baillerẽt

220 360 1098 105 Qui ne fut pas ſans les iarretz eſcourre

241 438 1029 108 Car tout le iour ne ceſſerent de courre.

224 579 1193 123 ¶ Par boys,par chãps,par lãdes ⁊ fuſtayes

229 669 1068 112 Le cerf broſſant halliers et fortes hayes

224 754 1195 99 Ruzes et ſaultz pour mettre chiens au chãge

226 824 1108 107 Fournit aſſez,mais en fin priſt leſchange

255 900 1164 109 Dung grant eſtang habandõnant les boys

241 978 930 101 Et la dedans il fut mis aux abois

245 1053 980 113 Si fault noter que ceſt eſtang batoit

241 1133 1180 105 Contre ung chaſteau dont le ſeigneur eſtoit

239 1211 1180 105 Pour lheure aux champs affin de prẽdre lair

247 1290 1065 107 Et ſes oyſeauls ueoir faire enoyſeller.

243 1436 1139 117 ¶ Sa femme auſſi dames et damoyselles

241 1527 1147 94 Honneſtes gents tout plain auecques elles

249 1601 902 107 Vng eſpreuier ceſte dame portoit

241 1677 1050 101 Qui au deſduyt fort bien ſe comportoit

247 1757 821 108 Et ſi auoit aſſez de gibier pris

243 1834 1040 103 Pour le plaiſir du uoller mettre a pris

253 1912 1022 130 Car les oyſeaulx feirent ſi bon deuoir
