1548 2464
219 164 975 129 ſur le paſſetemps des chiens ⁊ oyſeaulx

108 266 1111 126 Que meillieur deulx neſt poſſible de ueoir

111 353 1015 113 Lheure approcha tout ainſi que appetiz

115 429 1005 106 Diennent ſoubdain a grans et a petis

104 505 1145 111 Le ſeigneur diſt tournons bride il eſt temps

121 583 1059 108 Daller ſoupper,ainſi ſen uont contens

106 657 1084 123 Tous glorieux de leur bonne entrepriſe.

98 813 1036 115 ¶ En aprochant ouyrent ſonner priſe

117 887 1102 125 Dont a peu pres toublerent leurs eſprtitz

96 965 1028 113 Mais on leur diſt que le cerf eſtoit pris

96 1043 1001 113 En leur eſtang ſi marcherent bon pas

96 1123 973 109 Poue en ſcauoir,et ne demandez pas

115 1192 919 115 Si au recueit on ſe feiſt groſſe chere

106 1271 888 106 Joyeulx deuis ſe feireut a lenchere

80 1351 980 102 Menus propos furent en auant mis

80 1422 997 126 Ainſi quon fait entre les bons amys.

88 1579 1155 119 ¶ Les deux ſeigneurs ſe deuiſent enſemble

94 1659 1149 123 Comme ioyeulx deulx rencontrer ce ſemble

96 1735 973 113 Dames auſſi tiennent maniere gaye

86 1815 1106 119 Et ung chaſcun des deux bendes ſeſgaye

80 1893 1058 137 On chante,on rit,on ſaccolle,on ſebaiſe
