1527 2445
199 171 973 120 sur le paſſetẽps des chiẽs et oyseaulx

93 279 1177 108 Lune les chiens,lautre oyſeaulx ſont enſẽble

97 364 1101 112 Et uont diſant ce que bon leur en ſemble.

97 509 1060 98 ¶ Tout regarde tant en la comme en ca

93 607 1079 83 Cette qui tient pour oyseaulx commenca

91 668 916 94 Et diſt ainſi, ma dame bien ſcauez

93 751 1093 102 Combien de mal pour uoſtre chaſſe auez

91 827 1119 91 Vous et uoz gens eſtes uoſtre ſaoul,las

93 900 1136 108 Vallent pas mieulx les deſduitz et ſoulas

85 975 1144 106 Qui ayſement on peult au uol comprendre

83 1053 1162 102 Que trauailler ſon cueur et corps a prendre

93 1128 1162 108 Cheureul ou cerf meilleirs ſõt les deſduitz

97 1202 1107 112 Doyſeaulx,que ceulx a uostre mode duitz,

83 1281 964 102 Huy nous auons du plaiſir encor eu

83 1356 1009 119 Et ſans auoir dieu mercy tant couru.

85 1507 1113 123 ¶ Dautre coſte celle qui tient pour chaſſe

81 1589 946 110 Et qui leſbat de uenerie pourchaſſe

97 1664 1122 120 Dict qung propos elle exſtime fort maigre

87 1748 999 108 Sinon quil ſort debatu en forme aigre

79 1821 840 108 Et au regard de ce quelle debat

75 1900 1097 172 Quen uol doyſeaulx ya trop plus deſbat

941 1980 147 165 B .i.
