1507 2463
445.0 155.0 795.0 113.0 ¶ Le debat entre deux dames

252.0 256.0 1176.0 115.0 ¶ Si plaiſir uient plus docil donc que douye

254.0 338.0 973.0 107.0 Bien eſt fonde largument que ie tien

252.0 408.0 885.0 105.0 Et de larreſt deuray eſtre eſiouye

264.0 488.0 922.0 103.0 Se ma raiſon eſt bien ueue et ouye

244.0 566.0 1010.0 101.0 Que deuant tous et toutes ie ſouſtien

246.0 640.0 1014.0 107.0 A tant men tais,ſauf que a dire retien

246.0 714.0 1178.0 107.0 que uol douſeaulx uault mieulx q̃ ne fait pas

248.0 792.0 1152.0 109.0 Le cours de chiens, et concludz sur ce pas.

659.0 874.0 332.0 90.0 ¶ Lacteur.

418.0 946.0 918.0 96.0 Pres ces motz ſe leua lautre dame

418.0 1024.0 1010.0 98.0 Qui ne daigna demãder cõſeil de ame

246.0 946.0 160.0 248.0 A

416.0 1102.0 1012.0 98.0 Mais frãchemẽt ⁊ gay ne faillit point

240.0 1176.0 1184.0 112.0 Reprendre en brief les motz de point en point

264.0 1254.0 974.0 104.0 Dont ſe penſoit ueoir deſauantagee

244.0 1332.0 928.0 100.0 Lune neſtoit de lautre auant aagee

248.0 1401.0 942.0 103.0 Et uous dis bien que ſe lune parla

248.0 1481.0 987.0 113.0 Honneſtement ſi ſeit lautre et par la.

240.0 1627.0 956.0 109.0 ¶ Chacun diſoit ceſte dit a ſouhait

248.0 1711.0 948.0 105.0 Et ceſte auſſi bien babille a ſon hait

244.0 1787.0 1178.0 107.0 En quoy plaiſir prindrent toꝰ les teſmoings

246.0 1873.0 1162.0 181.0 Et de ma part neuz pas nen doubtez moins
