1507 2463
459 180 795 117 ¶ Le debat entre deux dames

451 275 842 123 Il estoit dit que ſans ouyr partie

437 355 996 123 Homme iugeaſt ainſi quil entendroit

273 298 191 256 S

439 435 977 121 Allez pourroye eſtre ores mal partie

266 517 809 123 Et cuide bien que petite partie

277 599 1022 111 Du ieu gaingne auroye en ceſt endroit

271 675 1075 117 Veu que arguez et uous fondez en droit

275 757 987 107 Si trez auant que termes daduocatz

266 825 1177 125 Ne ſcauroient mieulx dõner ordre a uoz cas.

266 962 1084 125 ¶ Beſoing me feuſt auoir hante leſcolle

262 1052 1121 113 Pour la facon des motz ſuccrez apprendre

281 1128 1061 117 Dont ores uſez voſtre bouche les colle

275 1215 1034 102 Si proprement toinct acouſtre et acolle

266 1284 1121 105 Que dire apres noſe doubtant meſprendre

266 1356 1177 113 Mais touteſuoyez ſi uueil ie bien reprendre

271 1434 1129 117 En mon patois tous les pointz q̃ auez ditz

281 1512 989 117 En reſpondant a uoz raiſons et ditz.

273 1658 1114 123 ¶  Sur le propos du debat uoſtre et myen

285 1742 994 109 Il meſt aduis que auez uoulu toucher

275 1816 1024 111 Et mettre auant de ſouſtenir combien

283 1892 1111 133 Vallent oyſeaulx et dit tout plain de bien
