1535 2460
201.0 182.0 968.0 109.0 ſur le paſſetẽps des chiẽs et oyſeaulx

96.0 297.0 1044.0 94.0 Tout le ſurplus ſans uſer de redictes

96.0 371.0 954.0 94.0 Et ſe deluy ne ſommes eſcondictes

92.0 448.0 1081.0 97.0 Quant deuers luy enuoyrons or endroit

104.0 526.0 827.0 101.0 Il iugera qui aura tort ou droit.

519.0 688.0 320.0 97.0 ¶ Lacteur.

279.0 830.0 833.0 94.0 Tant ceſſa ceſte dame affaictee

262.0 916.0 965.0 90.0 Qui bien monſtra eſtre fort affectee

285 990 966 94 A ſouſtenir uaillamment ſon affaire

106.0 1072.0 1063.0 94.0 Si fauſt noter que lautre eut fort affaire

86.0 1145.0 925.0 99.0 A ſe garder de luy trencher parolle

88.0 1219.0 1026.0 95.0 Car il ſembloit quelle iouaſt par rolle

90.0 1301.0 1009.0 90.0 Et que non plus euſt peine de uuyder

86.0 1377.0 911.0 103.0 Langage a point que fil a deſuider

86.0 1457.0 1124.0 94.0 Luy couſteroit, mais non pourtant elle eut

82.0 1525.0 1040.0 102.0 Maintien raſſis,puis a ſon tour eſleut

88.0 1607.0 948.0 102.0 Temps et, loyſit de replicquer ainſi

84.0 1678.0 888.0 117.0 Ou a peu pres que ie lay mis icy.

233.0 1828.0 901.0 193.0 ¶ La dame a leſpreuier replicque.

110 1012 142 68 A

946.0 1939.0 154.0 96.0 D .ii.
