1524 2466
207 156 965 125 ſur le paſſetẽps des chiẽs et oyſeaulx

121 263 1012 106 Il eſt certain que trop plus meſaduient

102 343 1023 107 Au non uoyant, car il pert la plaiſance

102 417 1179 113 De ueoir dõt peult lautre auoir ample aiſãce.

102 567 940 109 ¶  Ceſte raiſon ſouffira deſormais

113 661 1079 97 Pour uous trencher et fermer ce paſſage

104 727 969 97 Par ce moyen den parler me deſmetz

109 803 1046 101 Et de tous pointz au iuge men ſubmetz

139 885 975 103 Sans plus tenir termes dauocaſſage

109 957 954 109 Je tiens et croy quil eſt en ce cas ſage

102 1033 1113 103 Et bien inſtruit ou puſieurs ſont deceuz

102 1107 1057 117 Ainſi concludz mon fait comme deſſus.

505 1191 338 103 ¶ Lacteur.

300 1259 962 113 Or piedz ſe mit lautre qui uis a uis

300 1343 857 103 Ia preſte eſtoit den dire ſon aduis

113 1292 180 224 S

261 1417 1018 111 Et prõptement cuydoit encor reſpõdre

104 1496 969 102 Se la raiſon y euſt ſceu correſpondre

98 1570 1072 115 Mais ſceuſt eſte pour toute la ſepmaine

102 1648 1148 115 Qui euſt uoulu,car quant proces ſe meyne

109 1736 1026 101 Et meſmement entre femmes de ſorte

129 1802 1115 115 Souuent naduient quayſement on en ſorte

100 1882 975 131 A tous propos chaſcune ueult auoir

927 1935 189 132 D.iiii.
