1507 2463
476 141 788 113 ¶ Le debat entre deux dames

264 240 1027 113 Le dernier mot,ceſt belle choſe a ueoir.

268 398 1158 108 ¶ Or les ſeigneurs qͥ leurs femmes ouyrẽt

258 476 992 96 Si bien parler treſfort ſen eſiouyrent

258 548 1105 108 Tant que tous deux uoulſiſſent endurer

250 630 1047 96 Que ce proces deuſt longuement durer

250 701 1170 111 Mais non obſtãt poͬ cõpaire aux gourmetz

264 779 1000 103 Deliberez deſieuner de gourdsmectz

258 868 953 88 Et arrouſer ſubgorge et porte mors

262 931 1052 105 Du poil du loup dont auoient eſte mors

248 1007 1020 109 fut aduiſe pour abreger ſur ce compte

256 1089 1060 105 Donner conſeil denuoyer uers le conte

254 1165 951 99 Deſſus nomme quon a eſleu a iuge

240 1239 924 97 A cette fin que par ſentence adiuge

240 1315 1034 103 Qui le tort ou droit,ſut ce lung deulx

248 1391 1102 117 Sen uint parler aux dames toutes deux.

242 1543 1072 113 ¶ Diſant,or ca,iay trouue homme ſage

234 1625 1047 107 Si uous uoulez pour faire le meſſage

236 1707 1018 99 Ceſt ung mien clerc habile et entendu

227 1777 1000 98 Pour eſcouter et parler en temps deu

236 1855 907 154 Il eſt ſcauant et fort legier de main
