1540 2478
202 196 961 122 ſur le paſſetẽps des chiẽs et oyſeaulx

93 297 971 118 Mais elle ueit deſſus la couuerture

105 384 961 115 De ce pacquet lempraincte du ſignet

99 466 911 106 Si diſt ie nay loy de louurir,ſi neſt

90 543 871 105 Preſent partie,et a lheure ſe part

95 621 1033 110 Sans autre arreſt pour aller ceſte part

88 697 1090 108 Et tant picqua que ſans longue demeure

86 772 980 111 Fut au chaſteau ou la dame demeure.

80 916 1089 122 ¶ Au rencontrer bon recueil ſentreſirent

82 1005 943 105 Et le pacquet incontinent deffirent

84 1079 1059 112 Car toutes deux depuis que ſont en uie

82 1156 1050 101 Meurent de ueoir lettres ſi bonne enuie

84 1241 980 103 Deſploye fut et mis entre les mains

84 1311 1059 107 Du ieune clerc qui en eut tout du moins

76 1391 1058 106 Cent beaulx eſcuz,et de poix pour le lire

99 1464 994 107 Se de malheur aient faulte a les eſlire

68 1542 911 103 Lors commenca de dire la ſentence

72 1610 955 116 Selon laduis que le iuge ſcent en ce.

308 1697 661 105 ¶ Senſuit le iugement.

245 1777 993 104 Omme ꝓces fut puis nagueres meu

250 1852 988 107 Entre ſes deux dames toutes gẽtilles

57 1889 193 136 C

241 1926 995 136 Qui de froit ſãg ⁊ ſãs courage eſmeu

921 2021 149 93 E .ii.
