1538 2474
447 166 775 104 ¶ Le debat entre deux damez

235 259 1121 112 ¶ Et tout bien ueu ſelon les faiz produitz

239 346 966 89 Pout rendre acquit du deuoir oblige

253 428 1057 93 Diſons quenchiens de bonne race duitz

233 492 1015 112 A courir cerfz ya plus beaulx deſduitz

235 573 1049 105 Quen uol doyſeaulx ainſi lauons iuge

237 647 894 105 Et le uray droit a la dame adiuge

239 725 985 101 Qui la raiſon ſur ueoir et ouyr cauſe

280 808 1136 101 Deſpens par tout compenſez et pout cauſe.

654 880 334 93 ¶ Lacteur.

231 960 200 250 E

435 954 919 101 N prononcant larreſt contenant ce

429 1032 950 97 Qua eſte dit,dieu ſcet la contenance

445 1109 977 95 Des dames lors, et ſẽbloit a ueoir lune

239 1191 1115 97 Quelle euſt cerueau pour tenir de la lune.

241 1338 1041 96 ¶ Ayſe et plaiſir a ſon cueur ſi fort pris

235 1420 1018 91 Quant elle a ſceu auoir gaigne le pris

235 1500 1049 93 Que tout ce iour de parler ne print ceſſe

241 1573 1092 92 Voire et tenoit urais termes de princeſſe

237 1653 1148 95 Quen penſez uous diſoit elle en mocquant

239 1737 1014 75 A lautre dame,on ne ſonne mot quant

241 1803 1069 91 Le cas ua mal,ceſt le uaſt qui nous blece

239 1878 1125 136 Parlez uouz point ueez cy belle nobleſſe.
