1538 2474
253 265 1117 110 Et au iourdhuy ceſt bien force quon queſte

247 352 1078 95 Pout deſtourner ieunes beſtes au cours

262 435 1127 96 Dont les plaiſirs ſont ſi maigres et cours

249 503 1161 109 Quil uauldroit mieulx employer ſa ieuneſſe

245 581 1010 101 Pour courre cerfz a force, car ieu neſſe

260 657 1123 105 De pourſuyuir biches blanchez quon ſent

255 733 1095 108 Change chercher quant la ruze y conſent.

255 880 996 105 ¶ Son enquiert que depuiſ il aduint

247 968 1171 102 Touchant larreſt,des teſmoings y a uingt

245 1043 1080 99 Qui peuent ſcauoir ce quen fut dit et fait

249 1115 865 107 Et ſil ſortit plain et entier effect

255 1191 1082 99 Car de ma part nay riens mis en ce liure

247 1276 1082 99 fors ce quay ueu uueil bien quil ſe liure

264 1350 1038 99 Deuant chaſcun qui uouldra lacueillir

249 1428 896 103 Pour ce petit de bien quil a cueilly

262 1505 885 101 Se mal ya ie requier quon leſface

264 1585 951 101 Et qui ſcaura mieulx faire ſi le face.

559 1731 528 112 ¶ Mieulx que pis.

666 1890 273 128 ¶ finis.

456 164 778 106 ¶ Le debat entre deux dames
