2625 4183
564 289 952 83 sus assises, rondes ⁊ droictes, sine se

564 355 952 84 peut tenir de rire;car bien luy seoit et

564 425 952 80 mignotement.Apres se regarda par

564 488 952 94 une fenestre en ung iardin ou il sai

564 557 952 87 soit deduisant ⁊ y chantoient les oy¬

564 627 952 84 seletz pource que cestoit ou temps de

564 697 952 94 ste, cõme rauye de ioye ⁊ pensant plꝰ

564 763 952 84 que deuãt aux biẽs quamour ẽuoye

564 826 952 87 dont il luy sembloit auoir petite part

564 899 952 84 helas fait la dame qͥ se commnenca a

564 969 952 83 merueiller,de quelle heure puis ie e¬

564 1038 952 84 stre nee que ne suis ie a mon gre par

564 1105 952 90 mariage assignee a hõme qͥ auecq̃s

564 1171 952 94 moy se seust ioyeusement maintenir

564 1240 952 84 Las quel dommaige de cestuy uieil

564 1307 952 87 lart qui par sa uieillesse aduentura

564 1373 952 91 mon coips, qui la face me fera pallir

564 1443 952 90 ma grant beaulte fletrir et seicher ꝑ

564 1512 952 94 faulte ď ieunesse qui sur luy na aucu

557 1579 959 94 ne uertu ne domination. Or ne plai

561 1645 955 94 se ia a dieu que ie soye cõsentant de aĩ

561 1715 955 90 si lãguir empres luy longuemẽt car

561 1781 955 90 plus nenpourroye endurer, mais mẽ

564 1850 952 95 cuy de si bien ⁊ si brief uenger que ien

564 1920 952 91 auray ung qui sera a mon plaisir,

564 1990 952 94 ieune, amoureux ⁊ puissant pour ui

564 2056 952 98 ure en ioyeusete, ⁊ user ma ieunesse

564 2126 952 97 autrement q̄ ie nay fait ia par lespa¬

575 2189 442 87 ce de sept annees.

568 2255 948 101 ⁋ Comment la dame de hantonne

571 2325 941 101 fist mourir son mary pour espouser

564 2387 948 94 doon de maiance. Premier chapitre

576 2477 341 353 L

892 2464 620 87 A fausce dame ainsi en

895 2534 604 94 doctrine du diable qͥ toꝰ

892 2603 624 95 maulx a faire conseille

892 2673 613 94 auoit ung escuyer en qͥ

899 2739 610 94 plus auoit grant fiãce

575 2813 934 94 que ennus autre de son hostel pource

575 2879 934 94 quelle lauoit de longue main nourry

575 2945 934 94 Elle appella par son nõ ung iour q̃

575 3015 934 97 sn uoulẽte ne peut plꝰ celer ⁊ luy dist

575 3084 934 95 amy. Tu scez q̃ ie tay achapte tout

575 3158 934 177 tel cõme tu es. Si ne dois pas auoir

1561 289 931 97 mis ce plaisir en oubly, mais dois e¬

1558 359 934 90 stre de ton pouoir appareille de moy

1558 425 934 94 recõpenser. Or te uueil mon conseil

1558 498 931 84 reueler lequel est et uueil quil soit si

1558 561 931 90 secret que nul si non moy ⁊ toy en sa¬

1558 630 934 98 che ou puisse aucune chose scauoir. ⁊

1561 700 931 94 en me le promettant croistray ton a

1558 770 931 91 uoir de vĩgt liures dargent Celluy

1558 836 931 87 qui ne pensoit mye la desloyaulte de

1558 899 938 97 la dame desirant estre en sa grace de

1558 972 934 94 plus en plus, couuoictãt la finance

1558 1042 931 83 quelle luy promectoit sacorda a sa re

1558 1108 931 87 queste qui fut telle.Tu scez fait elle

1558 1178 934 83 que ie suis ieune dame belle ainsi cõ

1558 1244 931 94 me chascun dit,ie suis riche dieu mer

1558 1314 934 90 cy iay des biens largement et trop a

1547 1383 945 98 mon gre.car iay ung seigneur a ma

1547 1453 938 87 ry qui est plus uieil trente ans qͥl ne

1547 1519 931 91 me fust mestier. Si en uouldroye e¬

1547 1589 931 98 stre despeschee par quelque moyen q̃

1547 1662 931 80 ie de moy ne puis bõnement trouuer

1547 1725 928 91 sans le cõseil dautruy.Or comme ie

1547 1795 935 97 tay iadit iay a toy parfaicte fiãce Et

1547 1868 935 84 ay ceste fiãce q̃ a ce faire me scauras

1547 1931 935 90 mieulx aider que nul autre homme

1547 1997 935 101 uiuant.Si sault q̃ toy qui as ꝑ tous

1547 2067 928 94 lieu seans loy ⁊ liberte daller ⁊ ue¬

1547 2133 928 90 nir ⁊ y cõuerser te trouuer en ceste ioͬ

1547 2206 924 87 nee a la cuysine, et que a la uiande

1547 2269 924 104 qui sera portee deuant le conte Guy

1572 2342 906 87 n tu mettes secretement aucunes

1544 2394 927 115 poisons q̃ ie luy bailleray a celle finq̃

1544 2478 934 91 de son corps ne soye iamais ẽpeschee

1554 2533 219 234 S

1777 2548 698 90 Aincte marie cõme fut guy

1774 2621 701 87 nemẽt dolent ⁊ esmerueille

1774 2680 701 94 ꝙ̃t il ouyt a sa dãe racõpter

1561 2746 907 108 telle cruaulte il se seigna assez de la

1547 2827 924 90 merueille, puis luy respondit Mercy

1547 2893 921 90 ma dame fait il pour dieu regardez

1547 2955 924 95 que uous dictes, ⁊ ayez pitie de urẽ

1547 3029 924 90 enfant beufues qui tant est doulx et

1547 3095 924 91 plaisãt damoisel de son aage que au

1547 3168 931 136 monde ie croy na son pareil,il na que
