2609 4216
70 228 977 154 sept ans encores ou enuiron, et ia le

83 342 973 86 uoulez uoꝰ faire mourir ne pensez

77 393 970 109 uoꝰ q̃ se le pere auiez occis que uoꝰ

73 460 974 116 neussiez aussi bien tue lenfant qͥ est ẽ

73 548 974 101 cores en ignorance. Si auriez certes

70 604 977 102 que feroit aussi piteuse chose q̃ le pere

70 685 977 87 Or mesmerueille qͥ uoꝰ meut ⁊ q̃ ce

73 744 974 99 uoꝰ ꝯseille a faire,ie croy q̃ cest le dia

70 825 977 84 ble ꝑ son mauuais malice qui uous

73 892 974 91 cuyde autour duy deceuoir dont dieu

77 952 970 102 uoꝰ gard du faire ⁊ moy de le consen

77 1025 970 106 tir;car par la foy q̃ ie doy a celluy qui

73 1096 974 98 mefist iaymeroye mieulx mourir q̃

73 1166 974 98 celle trahyson faire cõe duꝑe ⁊ de len

77 1236 970 102 fant mettre a mort;aĩcois uoꝰ iray

73 1299 974 92 accuser se de ce ne uoꝰ repẽtez.Et ꝙ̃t

73 1370 974 95 la dame ẽtẽdit icelluy qͥ telle respõce

77 1440 970 95 luy dõna elle haulsa le poĩg ⁊ luy dõ

77 1510 970 95 na sur le uisaige si q̃ le sang en coula

80 1577 967 102 Puis appella deux frẽs uarletz,aux

94 1644 953 102 quelz elle commanda lemettre en u

94 1718 953 94 ne fosse et tant batre que encores ne

94 1781 953 95 luy eussent mestrer.Si ne fault ia ẽ

94 1851 953 95 querir quelle luy imposa ne cõme el

94 1921 953 95 le en cheuyt apres Car elle en sceut

94 1999 953 87 bien conuenir se la science de femme

94 2058 489 109 nest maistresse.

123 2164 358 365 O

460 2125 587 98 R fut iceluy en prison

467 2192 580 95 qui ne uoulut consẽ¬

464 2259 583 98 tir la mauuaistie de

474 2325 573 113 sa dame ⁊ elle demou

485 2403 562 94 ra pensiue comment

109 2480 938 105 autrement se pourroit cheuir de la

101 2543 946 99 mort de son mary pource quie ne luy

101 2617 946 95 pouoit faire son gre,et ne luy chaloit

101 2687 946 88 de lẽfant quelque beaulte quil eust.

101 2754 946 102 Lors dũg cheualier riche assez ieune

101 2821 946 98 fort,bel,⁊ hardy en armes, doon icel

101 2891 946 95 le dame saccointa lequel estoit sei¬

101 2965 946 91 gneͬ de maiãce en almaigne Celluy

101 3028 946 95 doon hayoit guyon pour cause q̾ sera

101 3095 946 91 cy ap̃s declaire ainsi cõme son tour si

101 3169 946 154 aduiendra. Et pource le uoulut a¬

1075 242 950 116 uoir la dame a seigneur poͬ sa mau¬

1082 330 932 102 uaise nature delle. Elle appella ung

1082 400 943 91 chappellain qui estoit assez priue del

1082 474 939 98 le ⁊ tãt le sermõna ⁊ luy promist des

1082 541 936 94 biens quil saccorda de faire tout son

1082 607 939 102 plaisir la dame qͥ fut ioyeuse le mer

1082 674 943 98 cya,⁊ sõ fait tout luy declaira Et fist

1082 751 943 88 escripre poͬ enuoyer a doon qui a ma

1082 808 946 108 iãce estoit. Et luy mesmes lẽtreprit

1082 878 939 105 a porter ⁊ faire son messaige en telle

1082 945 950 98 maniere que luy uoulut ꝓposer. Si

1082 1015 946 102 sen partit le chappellain par le conge

1082 1085 946 95 de la dame qui mõlt tarda en auoir

1082 1152 950 98 des nouueles. Et quant le chappel

1082 1229 939 99 lain fut arriue a mayanceil deman

1082 1289 950 105 da le conte ⁊ on le luy enseigna. Doõ

1086 1366 946 99 qͥ estoit en son palais auec plusieurs

1086 1436 946 92 autres cheualiers et gentilz hõmes

1086 1500 939 105 allemãs lequel receut les lettres de

1086 1563 942 116 la dame,aquoy il nauoit encores pẽ

1086 1640 946 106 se.Il ueit la teneur dicelles au long

1086 1714 939 105 puis regarda le chappellain ⁊ com¬

1086 1781 946 102 manda quil fust seruy de tout ce que

1086 1851 932 98 mestier luy seroit.Mõlt fut ioyeulx

1086 1921 942 99 en son couraige quant il se sentit ay¬

1086 1981 949 109 me de la dame qui tant estoit ieune ⁊

1086 2051 942 106 plaisante q̃ ou pays dalmaigne eust

1086 2122 949 105 failly a trouuer sa pareille de beaulte

1086 2188 949 113 Adõc il appella ung siẽ nepueu quil

1090 2255 949 112 laume dargence qͥ moult aymoit,et

1090 2325 952 102 luy declaira les nouuelles tout ainsi

1090 2396 938 105 quelles estoient q̃ la dame de hantõ¬

1090 2473 945 95 ne luy ẽuoyoit. Et puis si luy dist la

1090 2540 945 95 trahison par laq̃lle guyon seroit par

1090 2606 938 102 luy occis ⁊ descõfit, affin quelle feust

1090 2673 949 95 sa fẽme.Voꝰ scauez bien se luy dist il

1090 2750 938 95 mon beau nepueu que guy de hantõ¬

1090 2810 938 102 ne moy estant en grant ieunesse fist

1090 2880 938 106 mourir mon pere par sa main ⁊ ung

1090 2961 938 92 mien õcle pareillemẽt.Tout ame¬

1090 3021 938 102 demẽt ne fut puis fait ne acord prĩs

1100 3088 931 228 ꝑ ce q̃ estoit pris petit enfãt.Or suis

1097 3169 924 137 en aage dieu mercy ⁊ ay couraige et

1772 3232 170 133 A.iii.
