2625 4183
582 254 962 80 hardiment si men uueil uenger car

582 317 962 94 ien ay bel auãtaige. guy õ est uieil ⁊

582 390 962 84 ne se peult plus aider ne a la dame q̃

585 463 959 80 autre chose ne reqͥert et bien en uoul

582 529 962 81 droit estre deliuree. Elle me mande

582 592 962 84 q̃lle enuoyera a ung iour certain son

585 658 952 91 seignenr chasser Et me prie se ie suis

582 728 951 87 de elle amoureux que me treuue acõ

582 794 962 91 paigne ꝑ toutes perileuses doubtes

585 874 959 84 en ung lieu auq̃l naura aucune faul

582 941 962 76 te que guyon ne soit trouue et occis

582 1007 962 84 sans nulrespit Si conuiẽt que au be

582 1077 962 87 soing me soiez secret affin que la da¬

571 1143 973 87 me ne me puisse eschapper. Guillau

571 1209 973 87 me le nepueu doon sacorda o son õcle

568 1282 976 87 pour estre uenge de son oncle qͥ mort

575 1359 969 84 auoit este par guyon. Et lors assem¬

578 1425 966 84 bla doon quatre cens hõmes ⁊ les ap

568 1488 976 98 presta ⁊ cõduysit iusques au bois ou

568 1561 976 84 guion alla chasser sa mort, par lẽhor

571 1624 973 94 tement ⁊ pourchas de sa femme qui

575 1704 969 84 ainsi le hayoit,⁊ qui demanderoit la

578 1774 966 80 maniere commẽt il fut contraint dy

571 1833 973 87 aller, dit lhystoire que elle sachant le

571 1903 973 83 iour auquel doõ deuoit la estre se fist

575 1976 969 84 malade ne son lict una iournee ⁊ mã

578 2035 945 94 da guyon qui moult en fut dolent.

575 2112 969 87 Quauez uous fait il dame qͥ cy uoꝰ

575 2182 969 87 gisez. Par ma foy mon seigneur fait

568 2248 976 80 elle qui a grant mal pensoit.Huy par

575 2321 969 80 nuyt mest prins qui mon cueur affoi

575 2377 969 94 blist si q̃ tout le corps de moy en uaul

571 2450 973 101 dra pis. Ey ce me uient ꝑ poison que

571 2509 973 94 uostre queux qͥ ait malle aduenture

578 2596 966 91 ⁊ ainsi mal appoincte,si ne me haicte

575 2666 969 91 riens ne appetit ne me uient de riens

571 2725 973 91 mãger sinon de uenoit son freschemẽt

575 2788 962 98 chassee.Or ne scay ie cõment ien puis

582 2865 951 94 se auoir. Car ie ne me ose fier en hõ¬

578 2931 959 91 me nul pource que le queux ma affo

575 2994 969 97 lee.Le noble cõte qui a nul mal ne pẽ

585 3064 955 184 soit, mais estoit deplaisant de lada¬

589 3137 920 150 me respõdit.Dõc uous fiez en moy

1579 237 937 104 fait il dame. Car ie seray present a

1579 320 934 94 ueoir mourir la beste q̃ desirez a uo

1579 383 934 98 sre appetit.Ne uous chaille mõsei

1582 463 934 87 gñr fait la dame uoꝰ auriez trop de

1579 529 937 84 peine,⁊ mieulx uault q̃ iendure mõ

1579 596 937 94 mal le plus paciẽment q̃ ie pourray

1579 662 223 219 L

1826 655 680 115 E conte guion uoyant la

1816 721 700 94 dame soy excuser sefforca

1575 867 941 95 sa sante iroit moult loing auãt que

1816 787 707 112 tant plus ⁊ luy dist que poͬ

1575 937 938 91 nouuelle ne luy apportast. Si le mer

1575 1003 941 91 cya la dame faintement ⁊ luy declai

1575 1080 938 91 ra q̃lle beste il apportoit.. Et adonc¬

1575 1143 938 87 ques fist guion departie qui õcques

1579 1220 934 90 puis ne retourna,car il trouua doon

1575 1286 938 87 qui son aguect auoit tout prest et en

1575 1355 938 81 tant de lieux mis que sa deffence ne

1579 1415 934 94 luy peust riens ualoir. Mais neant

1575 1488 941 91 moins se deffendit de son espee quil

1575 1565 931 90 portoit ⁊ en abbatit le p̃mier qͥl ren¬

1579 1631 930 94 contra.Et quãt doon uit quil estoit

1579 1701 927 83 tẽps de ꝑtir il uint poingnant uers

1579 1767 927 87 luy ⁊ luy dist.Vieillart uoꝰ tuastes

1579 1833 927 94 mon pere et mon oncle dont puis ne

1575 1896 934 94 uous accordastes a moy Si est maĩ

1579 1979 920 81 tenant le temps uenu que ie uous

1579 2035 934 101 feray mourir cõme celluy du monde

1572 2105 934 87 q̃ ie doy le plus hayr.Et quãt guion

1572 2185 941 87 se uit ainsi prins que de nul coste ne

1572 2251 937 94 peust eschaper,il print son espee ⁊ la

1575 2314 938 91 tendit a doon en soy rendant a luy ⁊

1575 2384 934 90 requerant mercy hũblement. Mais

1575 2460 934 84 ce fut pourneant a celle heure,car do

1572 2516 934 94 on receut lespee ⁊ dicelle luy couppa

1572 2583 941 90 le chief sans pitie ⁊ misericorde quil

1575 2666 934 91 ne ueult auoir de luy. Et ainsi mou

1575 2732 638 91 rut le conte de hantonne.

1572 2799 268 216 L

1802 2785 711 97 A ou guiõ fut occis estoiẽt

1816 2861 697 94 de ses cheualiers q̃ le conte

1795 2931 714 91 auoit auecq̃s luy amenez

1579 3008 930 87 a la chasse Et quãt ilz ueirent mou

1575 3067 931 101 rir leur seigneur chũn mist peine de

1579 3137 930 146 soy sauuer le mieulx quil peult. Si
