2625 4183
596 257 944 91 lung Fromõt et lautre Haston. Voꝰ

596 327 944 91 auez fait elle sceu plusieurs de mes

592 393 948 98 secretz beaulx seigñrs,⁊ me fie enco

592 463 948 87 res tãt en uous q̃ plus auãt uous en

592 533 948 83 uueil dire Lors leur cõpta debout en

592 599 948 91 bout le traictie qͥ estoit entre doon et

592 672 948 87 elle,⁊ qͥl ne tenoit seulement q̃ en len

596 735 944 101 fant Beufuon q̃ le mariage ne se cõ¬

592 812 948 94 fermast Adõc luy respõdirẽt les trai

596 881 944 91 stres, aus q̃lz elle auoit grosse finãce

592 944 952 98 promise.Ne uous souciez dame font

596 1017 948 84 ilz;car tout entieremẽt soustiẽdrons

596 1084 948 87 et garderõs uostre hõneur. Et a ce q̃

596 1150 948 94 doon ne si puisse excuser de uoꝰ pren

596 1223 948 91 dre aespouse uous ꝓmettõs de deli¬

596 1293 948 87 urer la place de uostre engant.Et se

603 1359 941 94 scauoir uoulez cõmẽt:le uoꝰ dy fait

599 1429 945 90 Fromõt que ie lempoisonneray par

603 1498 941 91 herbes ⁊ autres choses,dõt ie me uã

599 1565 945 94 te de le faire mourir,et sera tout uo¬

603 1634 941 98 stre couraige appaise. Ainsi fut la

603 1708 941 87 mort de lenfant traictee par le cõsen¬

603 1770 941 91 temet de doon qͥ pour lors sen retour¬

603 1847 941 84 na en sa t̾re iusq̃s a ung certain tẽps

599 1913 889 87 apres quil uint espouser la dame.

857 1979 687 88 La court du conte Buyon

843 2046 701 83 auoit moult de nobles hõ¬

613 1990 230 209 A

843 2112 701 91 mes ⁊ autres gẽs dõt luy ⁊

606 2189 945 87 sa fẽme se faisoient seruir,car autre,

603 2248 948 87 mẽt se peut il mye faire Entre lesq̃lz

606 2325 945 83 en auoit ung riche ⁊ bien marie qͥ de

606 2394 945 80 tout son temps auoit son seigñr na¬

603 2457 948 84 turellement ayme,et ne se peut tenir

606 2520 903 97 par bonue nature daymer la dame.

603 2593 948 84 Et croit assez lystoire quil aduertit

603 2663 948 90 aucunement.Beufues du traictie q̃

603 2729 948 91 sa mere la cõtesse faisoit ou uouloit

606 2802 945 91 faire auecq̃s dõon.Or estoit lenfant

603 2868 948 91 ieune cõme de sept a huyt ans;qui ne

603 2931 948 94 stoit mye de grant aage pour moult

603 3004 948 94 scauoir. Neantmoĩt il auoit lengin

617 3077 920 91 assez habile.Et auoit en luy harde¬

620 3137 931 132 mẽt de parler,mais il estoit ieune si

1582 240 934 105 que de son langaige ne tenoit on mye

1579 320 930 98 cõme aucun compte Vng iour se par

1579 390 930 101 tit lenfant dauec Debault qͥ de sa ieu

1579 463 934 87 nesse lauoit eu en gouuernemẽt par

1575 526 938 97 quoy le damoisel luy portoit hõneur

1575 599 934 94 quelq̃ part quil le rencõtrast,et le nõ

1575 669 941 90 moit son maistre uĩt en salle ou mi¬

1579 742 937 84 eulx cuyda rencontrer sa mere,⁊ luy

1575 798 938 104 dist tout ce q̃ delle auoit ouy racõpter

1575 867 941 102 et de doon qͥ son pere auoit occis. Et

1572 941 941 97 quãt elle lentẽdit scauoir deuez q̃ elle

1582 1014 934 94 fut moult yree ⁊ luy respõdit. Quas

1579 1073 944 94 tu a faire fait elle beau filz se ie uueil

1582 1157 938 90 mary prẽdre ou non.Ne pẽsez tu pas

1579 1213 941 108 assez ait sens en moy,ou q̃ bon cõseil

1579 1296 937 84 menseigne a mon ꝓuffit faire;si nen

1575 1352 941 98 pourras de riẽs pis ualoir. Quel biẽ

1572 1425 948 87 en peut il ueoir fait il,mere quant a

1575 1488 941 94 mariage aurez a seigñr prins celluy

1572 1561 948 101 qui cõme len maintiẽt par le pays a

1572 1624 948 104 guyõ le cõte mon pere occis, iamais

1582 1708 938 80 aymer ne le deuriez;aincois luy deue

1579 1763 941 101 roit par uoꝰ tout malestre pourchas

1572 1840 948 98 se.Et uous fais tant scauoir de ma

1572 1906 944 98 part q̃ iamais ueoir ne le pourroye;

1582 1983 934 87 aincois me creueroit le cueur au uẽ¬

1575 2042 945 91 tre.Et se ainsi est q̃ uoꝰ le p̃nez soyez

1575 2105 941 101 asseuree de sa mort se ie uiz longue¬

1579 2185 944 94 mẽt. Dieux cõe la cõtesse fut dolente

1575 2251 945 94 quãt elle uit son filz Beufuõ qͥ si ieu

1582 2318 941 90 ne estoit la reprendre ⁊ blasmer de sa

1579 2387 941 91 uoulente. Et doubta uoiremẽt que

1579 2454 941 101 moult la laissast prendre doon pour

1579 2523 941 94 luy. Si respõdit adonc comme dame

1579 2589 937 95 courroucee De moy q̃ uoꝰ chault gar

1579 2652 941 101 cõ fait elle,ia a dieu ne plaise q̃ tãt tu

1575 2725 938 98 uiues q̃ tu me tiẽgnes en ta subietiõ

1568 2802 948 84 Elle haussa la maĩ ⁊ en ferit Beufuõ

1575 2868 945 94 sur le uisaige si que tout estourdy le

1579 2942 927 94 mist en la place,⁊ luy faillit le sãg ꝑ

1579 3004 934 87 la bouche ⁊ par le nez largement. Si

1579 3074 934 105 le uouloit a ses piedz batre et fouler

1579 3144 934 146 quant Sebault son maistre qͥ tout ce
