2569 4216
52 288 903 116 ueoit luy est a et lemporta entre ses

63 365 899 109 bras en sõ hostel ou il fut doulcemẽt

35 442 587 102 recueilly de sa femme.

87 481 879 123 ¶Comment sebault marchãda

38 569 928 109 naulgre luy doccire lẽfant beufuon

28 656 365 92 de hantonne.

404 632 393 102 Chapitre.ii.

38 783 215 214 M

277 762 689 109 Oult fut dolẽte la femme

274 846 692 95 sebault quant elle ueit len

277 920 689 91 fant aĩsi mutille,meurdry

31 987 935 98 et saignant.elle lapointa au mieulx

45 1057 921 95 quelle peut,⁊ le coucha en son lict ou

35 1124 931 98 il sẽdormit a chief depiece Or estoiẽt

35 1194 931 95 ses deux traistres qͥ a la dame auoiẽt

31 1261 935 98 marchande dempoisonnier beufuon.

31 1324 935 95 quãt sebault lemporta en son hostel

35 1398 931 95 ilz uindrẽt uers luy lors qui ne sen

31 1468 935 88 doubtoit mye,ne il neust iamais leur

24 1531 942 99 grant mauuaistre pensee. Sebault

24 1605 942 95 chier sire ce luy dist hyston;il conuiẽt

24 1665 945 95 que uous sachez une secrete chose q̃

28 1735 927 88 dire uous uoulons,et que sur ce noꝰ

35 1795 927 112 faciez ung plaisir, en faisant lequel

35 1872 920 91 uoꝰ enrichirez de cent liures dargẽt

21 1935 934 95 on de plus grant sõme se demãder la

31 2009 924 95 uoules.D. dictez dõc seigneurs fait

24 2083 931 84 il,et silest chose en quoy ie me puisse

24 2153 931 92 pour uoꝰ honnorablement ẽployer

17 2206 938 98 ie le feray.Par foy respondit lors fro

21 2283 934 95 mont, ou soit ou bel ou lait uous noꝰ

17 2353 938 88 laccorderez en uous payant ainsi ou

21 2420 934 92 mieulx que dit uous a cy este.Nous

21 2490 934 88 auons a monseigneur doon promis

17 2557 938 88 de occire beufuon moyennant certai

17 2627 938 95 ne grant finãce que pour ce en deuõs

17 2694 938 88 receuoir,de laguelle uous serez parsõ

24 2761 931 91 nier par ainsi que uous loccirez ⁊ biẽ

21 2831 934 88 en aurez le pouoir et aduantaige car

21 2898 934 91 il est en uostre hostel. Et ne serace

28 2968 927 95 ste chose dicte ne reuelee pource quel

21 3039 934 91 le ne se doit mye reueler. Sebault le

24 3109 931 91 preudhomme trouble en son courai¬

24 3176 931 144 ge des parolles q̃ leditz traistres lui

1012 284 956 105 disoient respondit tout tremblant de

1008 372 949 98 frayeͬ.Moy ce dist il beaulx seigñrs

1012 442 949 85 que de telle mauuaistie faire puisse e

1012 509 941 91 stre repris me uueille dieu garder qͥ

1008 576 945 91 tout scait,et deuãt qͥ ie ne le scauroye

1008 642 945 88 celer.Ie croy aussi que de moy uous

1008 706 942 98 mocquez,ou que tempter me cuydez

1008 779 942 85 Non faisons certes ce respondit fro¬

1008 839 945 95 mont. Et affin que ne cuydez que ce

1008 909 938 102 soit mocquerie uous disons quil cõ¬

1008 980 942 91 uient ce faire par amour dont uous

1008 1057 942 91 prions.Et se ainsi ne le uoulez accor

1001 1120 949 85 der noꝰ uoꝰ ferons de honteuse mort

1001 1187 942 95 mourir.Adonc ilz chercherent leurs

1001 1257 945 85 espees,et firent maniere de luy tollir

1001 1317 945 98 le chief,mais il leur requist mercys

1001 1387 945 88 et leur accorda ce quilz luy requirent

1001 1461 942 98 Si ne le uoulurent mye croyre iusq̃s

1001 1531 935 92 a ce quil leur iurast ⁊ ꝓmist sur ung

1001 1598 942 84 liure.   Et atant le laisserent sain et

1001 1668 144 99 sauf.

979 1740 231 206 S

1226 1721 720 102 Ebault le baron courrouce

1219 1791 727 109 ⁊ dolent du meschief dont il

1212 1869 727 84 estoit consentant uoire par

991 1939 945 98 force uint a son hostel,trouua sa fem

991 2009 948 88 me ⁊ luy dist. Dame iay bon mestier

998 2072 934 99 de conseil qui donner le me scauroit.

994 2146 938 95 Elle regarda lors ⁊ luy dist,quelcon

991 2209 938 99 seil estoit bon acquerir a ceulx qͥ me¬

991 2283 941 92 stier en auoiẽt. Et adonc luy racom

991 2343 938 95 pta le noble hõme si q̃ entre luy et les

994 2413 935 92 deux traistres auoit este pourparle ⁊

991 2480 941 95 accorde ꝑ force ⁊ sur peine de la mort

994 2550 935 99 Et quant la dame ueit son seigneur

991 2617 934 102 sebault aĩsi effraye ⁊ courrouce ⁊nõ

991 2694 927 95 sãs cause,elle le conforta au mieulx

998 2761 931 95 q̃lle peut disãt.Batez uostre coulpe

994 2824 928 92 beau doulx sire fait elle ⁊ uous met

994 2891 935 98 tez en bon estat,affin q̃ lennemy qui

991 2958 931 102 ne tasche sinon a toutes bonnes crea

991 3028 920 95 tures deceuoir ne uous puisse au io

994 3098 935 95 duy desuoyer tellemect que a uostre

991 3165 924 109 uray seigñr q̃ aymer deuez cõme uoꝰ
