2545 4216
49 277 896 127 e ouyr ainsi piteusement lamenter

45 368 914 109 e tresieune damoisel,il se mist a ge¬

35 425 924 119 noulx deuãt luy ⁊ luy dist enplourãt

35 498 924 109 a il ne plaise a dieu monseigñr fait

42 562 917 112 lq̃ par moy soit pour quelq̃ malfai

35 646 924 102 e ton corps touche Et quãt beufues

45 716 914 99 e sentit de tãteslargy,il mercy adieu

45 783 914 95 premieremẽt ⁊ son maistre sebault,

45 853 914 99 npriant dieu quil luy en doint grace

31 920 928 98 e rendre guerdon.Beufues ainsi ap

31 973 928 116 paise du secours quil auoit eu, reqͥst

42 1043 917 112 quil le uoulsift ẽmener hors dicellui

31 1120 928 92 pays.Et sebault luy promist q̃ ainsi

31 1191 928 94 le feroit il,mais la dame fẽme de se¬

28 1250 931 109 uault nen fut mye contente, mais re

38 1321 921 112 spondit q̃ non feroit ⁊ quelle scauoit

24 1398 935 91 bien telle chose faire,parquoy il pour

28 1461 931 105 roit seuremẽt au pays demourer sil

28 1531 931 92 uouloit iusques atant qͥlfust en aa¬

21 1591 938 116 ge,ou ainsi comme bon luy sẽbleroit

24 1672 935 91 Elle se aduisa dune herbe cueillir de

21 1728 938 105 laquelle elle en frota se corps ⁊ le ui

28 1798 931 113 saige,les mains et le chief du damoi

38 1883 921 102 sel dont il deuint noir ⁊ descõgnoissa

21 1946 938 95 ble a merueilles.Puis luy changea

24 2016 935 95 tous ses uestemens ⁊ luy bailla ha¬

17 2083 942 105 bit en guyse dung bergier ⁊ de ses pre

24 2157 935 102 miers ⁊ bons ueftemẽs bailla sa gar

31 2213 928 116 de a son seigneur sebault leq̃l moult

24 2283 935 123 fut ioyeulx de le ueoir en ce point des

24 2364 193 102 guyse.

20 2428 388 537 S

390 2410 569 112 Ebault le bon preudõ

390 2501 569 95 me doubtant la cheuis

390 2575 569 98 sance quil auoit faicte

390 2638 569 95 auec les deux traistres

390 2708 569 109 fromõt ⁊ haston sadui

24 2764 935 130 sa dũe praticq̃ qͥ mõlt luy eust este ꝓ

24 2842 935 119 fitable si neust este beufues qui ď soy

17 2909 942 108 mesmes saccusa. Il auoit promis cõ

17 2986 942 112 me dit est de faire mourir beufues de

38 3056 921 109 laquelle mort nestoir point parle.et

33 3123 926 105 pource print icelles robes de lenfant

31 3200 953 144 chausses ⁊habillements dicelluy en¬

994 245 963 148 fant ⁊ des emplit ainsi q̃ bien le sceut

1002 362 945 105 faire ⁊ a iceulx atacha une grosse pi

994 432 953 87 erre allant au fõs de leaue qui le sur¬

994 488 946 112 plus faisoit flocter,puis gecta tout

994 558 953 102 en une eaue;si que chascun qui par la

994 625 953 98 eust passe le pouoit bien ueoir. Et

994 692 946 105 ce fait le monstra a sa fẽme qͥ mõlt

994 765 946 95 en fut ioyeuse. Et dit que on ne pour

994 829 946 102 roit plus proprement faire.Si aduĩt

994 902 953 102 que les deux traistres uindrẽt lẽde¬

994 969 953 102 main bien matin ueoir sebault pour

994 1036 946 102 scauoir les nouuelles q̃ plꝰ destroiẽt

994 1110 949 98 Sebault qui assez subtil estoit ꝑ bõ¬

994 1183 956 92 ne maniere tenir les appella lors se¬

994 1250 960 92 crettemẽt ⁊ leͬ dist. Beaulx seigñrs

994 1306 953 106 iay fait ce q̃ mauez cõmande ⁊ que ꝓ

994 1384 956 105 mis uous auoye.Si ne reste q̃ mon

994 1454 960 95 argẽt receuoir cõme le mauez encon

994 1514 963 105 uenance. Les traistres qui de sa paro

994 1591 963 95 le ne furẽt mye contens luy demãde

994 1658 956 98 rent quant,cõmẽt,⁊ de quelle mort.

994 1718 956 105 Adonc il fist maniere de plourer ⁊ leͬ

998 1784 959 120 dist iay par uostre monition mõ sei

994 1862 960 105 gneur noye ⁊ dõt ie nauray par aduẽ

994 1925 963 105 ture iamais mercy deuãt dieu neant

994 2006 956 98 plus que traistre.Et au fort mieulx

994 2062 963 109 me uault ainsi auoir fait que ie mes

994 2143 956 102 mes pour luy eusse este en uoye de e¬

994 2213 949 98 stre occis. Et a ce me fait il q̃ mieulx

994 2280 956 95 me puissez une autre fois croire ue¬

1001 2353 956 95 nez auecques moy ie le uous cuyde

994 2420 967 95 encores mõstrer,car na mye une heu

994 2487 960 95 re que ce fut faict.Il les mena a

994 2550 963 99 une fenestre lors ⁊ leur monstra les

994 2613 967 109 robbes floctans sur leaue si gẽtemẽt

994 2691 953 109 que iamais ne se feussent apperceuz

994 2764 967 109 Si en furẽt plus ioyeulx ⁊ lui dirẽt

994 2835 805 98 que son argent alloient querir.

994 2884 960 116 ¶ Comment doon de mayãce uint

994 2965 960 109 espouser la dame quant il sceut que

1001 3039 949 126 mort estoir beaufuon. Chapitre.iii.

1008 3116 50 165 l

1184 3116 763 91 Es deux traistres ioyelulx de

1188 3183 762 119 la mor de leͬ seigneur se pli¬
