2564 4183
589 271 942 81 rent ſe pſue legietemẽt quilz peutẽt

593 341 938 84 et allerent au palais la ou la dame e

589 400 942 98 ſtoit qͥ parloit a guillaume dargence

593 470 938 98 qui eftoit naguaires uenu de mayã

589 543 942 84 ce de par doon qui lauoit enuoye ſca

589 606 942 101 uoir ⁊ enquerir de la mort de Beufuõ

589 672 942 94 leufant pour le mariage abreger.Et

589 742 942 91 quant elle les ueit uenir laissa quil

589 815 942 87 laume assis sur ung banc ⁊ uint au

575 874 956 109 deuant deulx ⁊ les arraisonna.Qua

579 948 952 94 uez uous fait elle beau seigneurs a

579 1017 952 91 uray ie ia de uoz nouuelles q̃ ie puis¬

579 1084 952 94 se mãder a monseigneur doon telles

579 1153 945 91 nouuelles que sa uoulente se puisse

579 1223 945 87 mettre a uenir par deca.Ouy certes

579 1293 945 90 ma dame ce respondit fromont.Il y

579 1355 945 95 peult seurement uenir et conuerser;

579 1429 945 90 car lenfant est mort si que tous seurs

582 1498 942 84 en sommes.Et uous mesmes y poͬ

582 1565 942 90 riez ueoir le cors sans ame sil uous

582 1634 942 94 plaisoit.Lors luy compterent la ma

582 1701 942 101 niere cõment ilz auoient besongne ẽ

582 1770 942 105 uers sebault.Si fut la dame tãt ioy

582 1844 942 90 euse quoncques mais ne fut plus si¬

582 1913 942 84 non ď la mort de quyõ fut despeschee

582 1976 935 94 Allez monseigneur doncques querir

582 2046 931 94 ⁊ luy dictes quil peult seurement ue

582 2115 931 98 nir sans iamais auoir paour du gar

582 2182 931 94 con ne dõme uiuant qui nous puisse

586 2251 927 119 aucun empeschement donner que ne

582 2321 447 91 soyons espousez.

938 2363 575 122 Villaume dargẽ ce mõ

924 2447 583 101 ta a cheual sors le plꝰ

924 2523 589 101 tost quil peust ⁊ tã ex

917 2596 596 98 ploicta quil uint a ma

575 2431 358 322 G

917 2666 593 91 yance a ſon oncle doon

589 2729 924 101 qui la responce moult desiroit Et ꝙ̃t

586 2792 927 97 guillaume luy eut la mort ď beufõ

579 2861 934 98 signifiee uoꝰ deuez scauoir quil fut

579 2935 934 104 moult ioyeulx.car riens tant ne con

579 3004 934 105 uetoit comme la dame espouser pour

596 3064 963 230 la beaulte dont elle estoit enluminee

579 3130 934 174 Il monta a cheual ⁊ ses cheualiers

1583 250 907 133 aussi qͥ pas ne scauoiẽt tout son fait

1569 341 928 112 Puis fist tant par ses iournes qͥl ap

1569 411 928 104 procha de hantõne. Et lors declaira

1569 481 928 104 son fait a ses plus priuez amys qui

1569 557 918 94 assez furent ioyeulx de son bien.Et

1569 620 932 108 quant il fut arriue en la uille,sa dãe

1569 686 928 108 le receut bien et courtoisement ⁊ luy

1569 756 928 101 dist. Vous me pouez seurement pren

1569 822 921 101 dre a sẽme,puis q̃ noye est celluy que

1569 895 928 91 tant doubtiez.Le lendemain furent

1569 962 928 104 les besongnes appoinctees Larceues

1569 1035 918 94 que mande a conturbie pour les ue¬

1569 1098 925 108 nir espouser. Si fut sa feste commen

1569 1171 921 83 cee desicelluy iour ⁊ les menestriers

1559 1240 938 102 mis en besongne affin q̃ chascun se

1559 1307 931 97 resiouyst par la uille ⁊ aux champs

1559 1376 928 91 Les nouuelles allerent iusq̃s aux o¬

1559 1446 931 98 reilles de beufuon que la femme de se

1559 1512 935 98 bault auoit nagaires entremesle da

1559 1582 928 105 bitz noircy,et habille en guise dung

1559 1645 928 101 berger ⁊ lauoit enuoye conduire les

1559 1718 928 112 aigneaulx,affin quil ne peust de per

1559 1791 788 87 sonne estre congneu ne accuse.

1573 1863 380 364 A

1908 1844 582 108 u retour que fist beuf¬

1908 1931 582 83 uon des champs enten

1911 1990 579 111 dit par la uille les ĩstru

1908 2070 572 98 mẽs sonner ⁊ uit ceulx

1908 2136 575 87 qui se mettoient a dan

1548 2203 939 108 cer de ioye de leͬ dame qui se marioit

1545 2265 924 105 Il regardoit les autres ensemble ꝑ

1548 2338 935 95 ler de la mort de guyon ⁊ regrettoiẽt

1548 2408 935 94 lenfant beufuon que sencuidoit estre

1548 2478 935 94 mort dont les aucuns parloient. Il

1548 2551 925 94 passa par deuant eulx que oncq̃s ne

1548 2617 928 88 le congneurent,ne congnoistre ne le

1548 2680 932 98 sceurẽt tãt eftoit dissimule de son ha

1545 2750 931 90 bit.Et lors dist a soy mesmes. Vray

1545 2813 928 111 dieur uueilles moy sauuer sil te plaist

1545 2893 931 101 Car bienscay que sãs ton ayde moy

1545 2959 931 91 mesmes ne me scauroie sauluer.Or

1548 3025 928 101 suis ie bergier ⁊ si suis filz de conte qͥ

1541 3088 925 105 desormais deusse pour saillir et gallo

1548 3154 925 174 per auoir ung beau cheual,et sur le
