2584 4216
63 319 963 102 poĩs manier ung oysel mais mieulx

66 379 925 109 uueil mourir q̃ mestier maintenir.

59 442 975 113 Lors il mist ius sa chappe ou il auoit

63 519 970 99 plus de trẽte pieces cousues ⁊ demou

66 586 967 102 ra en une robete assez courte ⁊ auoit

66 667 967 81 en ses iãbes ungs estuyaulx a facon

63 730 970 92 dẽfant qui ꝯduit bestiail hors la uil

66 801 967 91 le,puis prĩt ung baston en son poing

63 867 970 88 dõt il menassoĩt doon qͥ son ꝑe auot

63 934 970 98 occis Puis se partit ⁊ sen entra en sal

56 1011 977 95 le a heuce q̃ le disner se faisoit. Si ne

56 1075 977 105 sen apperceut ꝑsonne iusques a ce qͥl

59 1155 974 92 sescria haultemẽt.Que diriez uous

59 1219 974 102 seigneurs ⁊ dames fist il dune contes

56 1292 977 95 se qui son seigneur a fait occir, son en

56 1359 977 95 fant noyer ⁊ celluy prins a mary qui

56 1429 977 99 son p̃mier seigneur auoit occis. Cest

59 1493 964 98 la dame qͥ la est assise. Et celluy qui

59 1563 964 98 mon pere tua est doon qͥ y est. Lors il

59 1630 964 109 haulsa le baston a deux maĩs et en di

63 1710 960 95 sant ces motz en assena sur le chief de

59 1784 964 99 son parastre si q̃ le sang en fist sallir.

59 1848 964 91 Et ce fait se partit soubdainemẽt et

59 1921 964 95 se mist en garãd ainsi q̃ dieu le uou¬

59 1992 964 94 loit. Mais il nen fust pas eschappe se

59 2055 964 102 neust este ung escuier qͥ son pere guy¬

59 2132 964 95 on auoit tousiours seruy q̃ soubz son

59 2199 739 88 manteau le mist a sauuete.

35 2272 253 211 A

312 2269 704 95 Insi fut mis beufuon hors

312 2339 704 92 de la presse par lescuier qui

52 2677 960 102 gens par la uille de toutes pars pour

312 2406 704 95 grãt partie auoit ouye des

52 2469 964 102 parolles q̃ lenfant auoit dictes Et de

52 2540 964 102 moura la feste si troublee q̃ merueil¬

52 2603 964 112 les ⁊ nõ sans cause.La dame enuoya

52 2747 960 105 lenfãt q̃rir.Et cõmanda sur peine de

52 2817 960 113 la mort quon luy amenast cõmẽt qͥl

52 2891 960 102 fust qui trouuer le pourroit, uoire et

56 2958 945 112 si grãt diligẽce en fust faicte quil ny

49 3046 952 84 eust aucũe faulte.Chascũ seruiteur

49 3098 952 102 se embesõgna lors de le querir, mais

49 3172 952 98 ce q̃ dieu ueult garder est biẽ garde.

49 3239 949 151 Or sen eftoit il retourne dõt il eftoit

1065 256 956 148 party premier ⁊ auoit sa housse affeu

1072 386 949 95 blee ⁊ chãge son chapeau a ung hu

1054 456 978 85 ueau dõt il auoit son chef couuert Et

1051 512 970 95 le bastõ dont il auoit feru doon auoit

1051 586 970 106 gette auecq̃s ses brebis Ainsi ne sceu

1054 664 967 80 rent ilz le ualeton trouuer ne recon¬

1051 730 966 102 gnoistre. Et quãt assez seurẽt quis

1054 790 967 98 ⁊ serche ilz sen retournerẽt a la court

1051 860 963 92 de la dame qͥ moult estoit dolẽte poͬ

1054 927 963 95 doon son seiqneur qͥ aĩsi estoit affolle

1054 997 967 106 La dame uoyãt fromõt ⁊ haston,de

1051 1061 966 115 la queste de lenfant les mist a raisõ

1051 1134 963 109 en disant.Traye mauez gloutons qͥ

1051 1212 963 94 iure mauez la mort de beufuõ le filz

1054 1282 967 95 Guyon de hantõne qui est uenu au

1051 1352 966 99 palaĩs deuãt doon qui riens au mon

1051 1412 966 98 de ne hayoit tãt q̃ eulx Si en serez pẽ

1051 1489 970 99 dus,si q̃ len pourra ueoir ceulx qͥ de

1051 1559 963 102 uostre mort ne seront gueres dolẽs.

1051 1626 966 106 Mercy dame ce respõdit haston, de ce

1051 1703 970 92 ne sõmes en aucune manere coulpa

1054 1770 963 109 bles,mais a sebault en doit la char¬

1054 1851 967 105 ge estre dõnes qui entẽdant nous fist

1058 1928 963 148 que lenfant estoit noye.Or tost fait

1054 2002 960 102 elle que sebault soit mande. Si se¬

1058 2076 952 91 ra deuant uous ouy et pugny selon

1054 2139 953 102 le cas qui luy sera par uous prouue.

1058 2213 956 98 Car autrement ne se peut faire par

1051 2287 372 91 bonne iustice.

1059 2364 259 274 S

1290 2346 724 113 Ebault qͥ encores estoit en

1290 2420 724 99 salle ⁊ qui nestoit pas parti

1283 2490 727 106 de la compaigne poͬ doub¬

1040 2574 967 96 te q̃ on le tenist aucunement suspect,

1040 2620 963 113 fut lors prins par le traistre et ame¬

1040 2694 963 109 ne reaument ⁊ de fait deuãt la dame

1040 2768 960 105 qui rigoureusemẽt le regarda et luy

1040 2824 963 113 dist.Par dieu sebault en uous a trop

1040 2898 953 116 de mauuaistie plus que neusse pẽse.

1040 2975 953 106 Qui a mes hõmes auez fait acroire

1040 3046 953 101 que beufues estoit occis ce q̃ ne uoul

1037 3109 938 109 droye pour cent mille mars dargent,

1037 3186 945 102 pourtãt en especial quil est moy fils

1040 3260 946 137 pource uous prie que rendre ou ensei

1669 3323 159 127 B.i.
