2625 4183
540 282 969 108 dõner.Nõ sire uieillart faĩt la dame

540 348 969 108 ia tant de respit ne uous sera donne

540 428 969 108 aincois uous prometz par la foy q̃ ie

554 488 955 108 doy a doon mon seigneur qͥ cy est uoꝰ

554 568 955 104 ne partirez iamais dicy tãt q̃ ueu la

554 634 955 104 uray.Si ne se peut plus taire lẽfant.

554 711 955 97 Veez me cy dame fait il.Si se teust

554 780 955 98 la dame qͥ assez le regarda ⁊ si firent

554 850 955 91 tous ceulx ⁊ celles qui la estoiẽt ue¬

554 916 955 98 nus pour ueoir ce quil aduẽdroit de

554 986 955 91 beufuon.Et lors chascun se prĩt a sei

557 1056 952 101 gner ⁊ dire lung a lautre.Quest cecy

561 1129 948 91 a dire,ueecy grãt dyablerie.Ie croy

561 1199 948 87 que sebault soit fol deuenu qui dung

564 1265 945 94 garcon noir cõme ung dyable ueult

561 1331 948 101 faire acroire que ce fust beufuon qui

561 1401 948 97 plus estoit blãc ⁊ dougie que enfant

564 1471 690 97 du monde pourroit estre

571 1547 213 216 C

784 1533 725 94 Es parolles oyt beufuon et

784 1610 725 101 plusieurs autres.Si parla

791 1680 718 87 adonc plus longuemẽt quil

575 1746 934 101 nauoit fait lautre fois ⁊ bien,⁊ gue¬

571 1823 938 83 res ne sen faillit que au langaige ne

571 1882 938 104 fust recongneu.Ce nest pas de mer¬

571 1952 938 94 ueille se de moy uous esmerueillez

575 2025 934 97 seigneurs fait il.Car de besongnes

575 2088 944 101 plus merueilleuses noystes iamais

575 2161 944 101 parler Sebault mon maistre qui cy

575 2237 941 81 est a mon corps ainsi appointe pour

575 2297 944 94 ma uie sauuer. Si me doint dieu ui

575 2370 948 87 ure tãt que ie luy puisse desseruir ⁊ a

575 2440 951 83 chascun qͥ bien me fait. Adonc parla

575 2502 948 94 doon qui le cuida cõgnoistre par son

575 2572 948 91 langaige; Trop aura dorgueil en ce

575 2638 948 98 garcon fait il sil uit lõguemẽt ce qͥl

575 2708 948 94 nest mye taille de faire. Car par la

582 2778 941 94 foy q̃ ie doy a dieu ie feiz le pere mou

589 2847 934 105 rir aussi feray ie luy ains qͥl soit lõg

582 2917 941 98 tẽps, si seray hors de toutes doubtes.

582 2983 941 94 La dame qͥ biẽ oyt ce q̃ doon dist ne re

596 3053 937 91 spõdit mon tãt fut de son filz dolente

606 3137 920 83 Et ia eust uoulu q̃elle neust riens ꝓ¬

606 3193 893 163 mis affin quelle leust fait mourir.

1547 282 959 104 Adõc sebault sen alla en son hostel et

1551 362 955 94 emmena beufuõ ⁊ alaide de sa fẽme

1558 428 938 94 me le baigna ⁊ conroya tellemẽt que

1558 498 941 91 tout ainsi bel et blanc quil estoit par

1558 568 944 87 auãt il fut adonc.Puis le fist ueftir

1558 634 938 98 au mieulx quil peust cõme filz dung

1554 711 945 94 grãt seigneur ⁊ lẽuoya deuers sa me

1554 777 945 90 re a la court. Or y auoit ung abbe

1558 840 944 94 moult riche,puissant ⁊ noble Car il

1558 909 948 91 estoit du lignaige du cõte guyõ. Cel

1558 986 944 94 luy abbe fut le p̃mier qui lenfant re¬

1561 1059 941 91 congneut parmy la uille et le salua.

1558 1118 941 95 Et labbe lui demãda ou il alloit.Et

1561 1188 938 98 il luy dist. En lostel de ma mere.he

1568 1258 934 97 fait il cõme de uous me prent grant

1558 1321 941 108 pitie Ia uoꝰ hayẽt ceulx qͥ uostre pe

1558 1401 944 90 re firẽt mourir,q̃ iay grãt paour que

1558 1464 944 101 autãt en soit il fait de uous.En dieu

1558 1533 944 98 en est,seigneur cousin ce luy respõdit

1558 1606 948 102 lenfãt.Il fault mourir qui uiure ne

1568 1683 934 91 peut Si ne se peut tenir labbe de plou

1568 1753 934 87 rer du mot qͥl auoit ouy dire a lẽfant.

1561 1809 945 104 ⁋Cõment la dame de hantonne en

1558 1875 944 101 uya son enfant beufuon en estrange

1568 1966 182 83 pays.

2133 1948 359 94 Chapitre.v.

1579 2034 323 381 L

1931 2004 571 115 E bon abbe doubtãt la

1927 2094 579 95 mort de sõ cousin beuf¬

1924 2157 582 105 uon luy dist lors. Par

1917 2227 585 91 ma foy beufuõ cher a¬

1917 2297 582 104 my se uous me uoulez

1561 2363 948 108 estre secret ie uoꝰ enseigneray cõmẽt

1561 2440 931 104 uous ne pourrez estre empoisonne ꝑ

1558 2513 944 94 quelque maniere. Or le menseignez

1561 2583 931 97 donc, Car de ma part sera bien cele.

1561 2638 941 122 Labbe se mena auecq̃s luy en sa mai

1558 2705 944 111 son,et luy donna dũg fruit,en luy di

1558 2785 944 101 sant Mengez de cestuy fruit par cha

1561 2847 935 108 scun iour que uous pourrez doubter

1561 2917 941 105 de uostre ꝑsonne ⁊ qardez le surplus

1561 2990 941 115 songneusement,Car ia nen scaurez

1572 3060 924 248 si peu prendre a la foiz quil ne doyue

1586 3137 937 108 suffire Et sachez quil fut apporte de

1575 3210 941 122 paradis trestre ou il a de moult uer
