2568 4216
401 305 601 116 y dit lystoire que quant

404 382 588 99 les marchãs de roussil

401 453 601 91 le se furẽt ꝑtiz du port

56 312 313 390 C

397 519 605 92 ou ilz auoient beufues

379 579 623 102 charge Ilz exploicterẽt

45 649 957 123 par mer tant que aduanture les me

45 723 957 120 na en armenie.Et ueritablemẽt ne

45 797 957 109 leur chaloit ou ilz allassent ne ou ilz

59 864 943 105 arriuassent. Car assez estoient sour

59 924 943 115 niz de marchandises ⁊ de uiures poͬ

59 990 943 113 baguet sur la mer ⁊ pour suyuir foi

59 1071 943 112 res et marchez,⁊ ne leur estoit riens

59 1141 943 99 lung ou lautre. Et touteffois arri¬

59 1205 943 105 uerent au port soubz une cite belle ⁊

59 1268 943 109 riche nõmee aubeffort au royaulme

59 1331 943 109 darmenie; Ilz se mirent a port.et cõ

59 1398 943 123 me leur coustume estoit de faire dres

59 1482 943 109 serent pauillons sur la greue du ha¬

59 1538 943 116 ure,⁊ mist chascun marchant ses dẽ

59 1609 943 119 rees deuãt son pauillon;illec fut mis

56 1686 946 98 ⁊ estẽdu beufues ⁊ mene a une chay

59 1749 943 109 ne de fer,attache a ung quarquant qͥ

59 1823 943 95 au col luy tenoit,car ainsi lauoient

59 1886 943 106 Ilz habille en leur uaisseau. Et il le

59 1953 943 116 souffrit uoulsist ou non. Car ainsi

59 2016 943 113 le faisoit on lors ⁊ sait encores des es

59 2093 943 99 clauez. Le roy dit hermin darmenie

66 2157 936 105 auoit de coustume quãt aucuns uas

66 2230 936 109 saulx uenoient denquerir q̃lles mar

66 2294 936 105 chandises les marchans auoient.il

66 2371 936 95 demands son mulet,et oy luy ame¬

66 2441 936 99 na.Il monta dessus ⁊ uint en la gre

66 2497 936 113 ue ou auoit tant de gẽs assemblez q̃

66 2578 936 102 merueilles qui tous regardoiẽt len¬

66 2638 936 109 fantq̃ le uarlet du marchant tenoit

66 2705 936 102 et promenoit ainsi enferre que dit est

66 2779 936 105 Et sur son chief ung chapeau uert

66 2845 936 109 en signe de uẽte. Comme son assiet

66 2909 936 112 au front dung cheual ung boucquet

66 2986 936 91 destrain ou dautres herbes quant on

66 3056 693 91 le ueult exposer a uente.

288 3126 714 95 e roy hermin cheuauchant

91 3130 183 207 L

288 3207 714 137 la maree,uoyant maint pa

1044 316 922 91 uillon tendus ⁊ leue,uoyãt aussi maĩ

1030 375 947 99 te espee mise en uente maint heaul¬

1034 442 935 95 me,maĩt escu,maint iacerẽt,ou hau

1034 505 928 102 bert dacier.regardãt aussi cheuaulx

1034 579 928 95 trocter ⁊ galloper de plusieurs sortes

1034 642 935 102 Draps de soye,de uelours,ď damas

1034 706 935 109 et draps dorestalez et desployez.Si

1034 769 939 109 aduisa une compaignie de gẽs quil

1034 850 939 95 uit assemblez entour lenfant beuf¬

1034 916 932 106 uon et demanda q̃ cestoit. Cest ung

1034 987 932 102 marchant sire dit ung escuyer de son

1034 1057 939 98 hostel qui a amene ung enfant pour

1034 1113 939 109 uendre,mais ie croy q̃ on fauldroit

1034 1187 932 98 bien en cẽt citez a en trouuer ung plꝰ

1037 1243 929 113 beau. Le roy hermin se tira en sa pres

1034 1321 939 112 se qui tost fut ouuerte ⁊ rompue poͬ

1034 1391 943 112 sa uenue.Si regarda moult ententi

1034 1461 943 105 uement lenfant qui parsemblant ne

1034 1524 939 120 stoit gueres esbahy.Puis luy demã

1034 1598 939 109 da. Chetif dont es tu ne.Dangleter

1034 1665 943 105 re sire ce respondit beufuon.⁊ uostre

1034 1742 943 102 mercy quant par mon nom ⁊ tel com

1034 1795 939 109 me ie suis mauez appelle Car chetif

1034 1872 943 116 suis uoirement plus que dire ne sca

1034 1942 943 109 uriez. Lors luy compta de son estre ⁊

1034 2013 946 98 la mort de son pere par la maleurete

1034 2069 946 112 de sa mere qui auoit prĩs celluy a sei

1034 2150 943 102 gneur qui son pere auoit occis.Puis

1034 2206 946 109 luy dist la maniere commẽt il auoit

1034 2280 939 112 este tire de son lieu par les traistres,

1034 2357 943 98 et cõment il auoit este uendu,mais

1034 2410 943 116 ne scauoit quelle sõme dargent. Et

1034 2487 946 112 quant le roy entendit se damoisel en

1034 2557 943 116 eut grant pitie ⁊ demanda aux mar

1034 2627 946 102 chans sil estoit a uẽdre. Ouy certes

1034 2698 950 98 ce luy respondit ung de ceulx qui la

1034 2768 946 102 uoit achapte poͬ ce lauons icy ame

1034 2828 950 109 ne.Et finablement tant parlerẽt du

1034 2902 950 112 marche quilz conuindrent auecques

1048 2975 929 106 le roy a la somme de mille mars dar

1048 3039 925 115 gent quil en donna.Et par ainsi fut

1044 3112 964 229 beufues deliure au roy hermin et rẽ

1037 3193 120 155 du.
