2583 4216
460 270 555 112 Ar certain temps fut

460 358 555 98 beufues demourãt a

460 432 555 91 uec leroy darmenie qͥ

460 505 555 92 longuement le nour

96 281 311 467 P

460 565 555 95 rit ⁊ tant qui hault ⁊

63 635 952 102 droit ⁊ bel damoisel ⁊ plus eust este

63 706 952 116 plaisant sil eust este uestu ⁊ habille

63 779 952 95 en guise de prĩce cõme a luy apparte

66 832 949 120 noit.Et comme dit est pẽsoit sõgneu

63 920 952 105 semẽt darondel le bon destrier q̃ nul

63 987 952 98 homme nosoit approcher si non luy.

63 1054 952 101 Vng iour dune feste solẽnelle que on

70 1117 945 116 sesiouyst,cõme a la feste de pẽthecou

70 1191 945 108 ste,pasques,ascension q̃ les princes

70 1261 945 109 font des cheualiers nouueaulx quõ

70 1331 945 98 iouste,quon tournoye,selon les sei¬

70 1401 945 109 gneurs ⁊ pays diuers. Estoit beuf¬

70 1472 945 101 ues de hantonne auecq̃s les uarletz

70 1535 945 112 paiges duroy,⁊ des officiers chascũ

70 1609 945 101 monta a cheual pour aller abruuer ⁊

70 1675 945 95 esbatre,et il monta sur arrondel qui

70 1739 945 109 plustost couroit que nul autre.Adõc

70 1812 945 99 luy demanda ung escuyer qui gallo

70 1876 945 112 poit auecques les autres.Beufues

70 1953 945 91 beau sire cõment se gouuerne len en

70 2020 945 95 uostre pays a une feste telle cõme se

70 2083 945 109 ra demain par foy fait il cela scay ie

70 2157 945 98 bien ⁊ moult est gente chose ⁊ adue¬

70 2227 945 95 nant. Lors luy racõpta la maniere

70 2287 945 105 des tournoys,des festes ⁊ des esbate

70 2357 942 102 mens q̃ les seigneurs faisoient ⁊ les

70 2434 942 102 uarletz escuyers ⁊ gentilz hommes

70 2490 945 113 a leur tour pareillemẽt;Si enfurent

70 2571 945 95 moult ioyeulx ⁊ leur fut aduis que

70 2635 945 98 ia y estoient ⁊ q̃ ainsi faire le deuoiẽt

70 2705 945 102 Adonc chascun poingt son cheual car

59 2764 956 106 la auoit belle praerie et sen uiennẽt

70 2849 945 95 les ungs aux autres a bonnes maĩs

70 2909 945 105 qui mieulx pourroit lung lautre des

52 2993 362 88 cheuaucher.

316 3035 685 123 Ng escuyer qͥ la estoit uoy¬

316 3119 699 106 ant beufues galoper, le bõ

63 3109 256 232 U

316 3193 699 127 cheual arondel selle a part

1061 291 945 91 se tira cuydant le tirer a terre ⁊ mist

1061 354 942 92 la main a luy en passant, si quil luy

1061 421 942 98 dessira ⁊ emporta la piece de sa robe

1061 488 942 95 tellement q̃ la chair tuy parut plꝰ de

1061 555 935 98 demy pie.Si le uirent les damoisel¬

1047 621 952 102 les des fenestres ou elles sesbatoient

1047 685 952 105 aux damoiseaulx ⁊ filz de nobles hõ

1047 765 959 92 mes regardans renuerser lung lau¬

1047 825 945 113 tre par terre.Et quãt elles uirent la

1047 899 949 102 chair du damoisel beufuon ainsi blã

1047 962 949 106 chir ⁊ paroir,chascune delles se print

1047 1032 952 113 a rire ⁊ mesmement iosienne qͥ estoit

1047 1096 959 116 presẽte comme les autres damoisel

1047 1176 952 92 les.Et beufuon quant se sentit tirer

1047 1240 942 116 rudemẽt,si ferit arõdel de lesperon qͥ

1047 1313 952 99 tost alla a grans merueilles ⁊ dist a

1029 1377 970 98 soy mesmes que puis quilz õt lestoͬ

1047 1451 952 105 cõmence,il prẽdra peine de lacheuer

1047 1517 938 102 cõme les autres Il sadressa enla plꝰ

1047 1577 949 116 grant presse ou ilz sentretiroient poͬ

1047 1661 959 95 mettre a terre ⁊ se frappa si hardie¬

1047 1728 959 91 ment dedens que par la force du che

1047 1795 956 95 ual ⁊ habillite de son corps en uersa

1047 1858 945 105 sept par terre auant quil cessast.Si

1047 1932 956 102 le regardoiẽt les dames ⁊ bien dirẽt

1047 2006 956 91 lune a lautre que au damoisel dan¬

1047 2062 959 112 glettere auoit gẽtil escuyer ⁊ q̃ mõlt

1057 2139 953 95 uaillant seroit en armes sil uinoit.

1388 2209 611 95 Es dames estoient a

1388 2280 618 91 moult grãt cõsolation

1388 2339 615 95 de ainsi ueoir le damoi

1026 2378 428 207 L

1388 2413 611 99 sel iouster,⁊ uerser lũg

1388 2480 618 98 lautre ꝑ le sablon Cha

1071 2550 928 116 scuy frapoit lung lautre au mieulx

1068 2613 935 113 quil pouoit,mais sur tous ceulx fut

1050 2684 956 119 le pris octroye par Iosienne du consẽ

1057 2757 949 109 tement des autres dames ⁊ pucelles

1057 2831 949 95 a beufues le damoisel dãgleterre au

1064 2898 939 109 quel la blanche chair paroit par ses

1050 2961 963 109 robes en plus de dix lieux. Au fort il

1054 3032 945 101 cõuint le tournoy cesser Si retourna

1075 3105 921 102 chascun sur son cheual dont il estoit

1068 3183 928 130 uenu. Et iosienne qͥ la hault estoit
