2546 4216
45 270 985 116 bonne estraine ce dist lors Iosienne ac

56 365 956 84 elle mesmes Iamais ne me plaĩdray

49 442 981 77 de mon cheuallier,mais de tant suis

56 502 974 91 dolente que le bon cheual sen ua.El

56 579 974 81 le le uoulsist bien auoir ueu en son

52 642 978 88 gouuernement,et,moult le sollicita

56 713 974 91 pour le premier coup que beufues de

52 772 978 102 hantonne auoit donne.Beufues qui

56 853 974 85 au cheual ne compta riens se retour,

56 924 974 80 na uers la dame pour regarder se elle

52 990 978 81 estoit amõt ou nõ.Puis frappa oul¬

45 1050 985 84 tre ⁊ laissa sa lance baissee qͥ estoit en

45 1120 985 85 cores entiere.Si se serit emmy la plꝰ

49 1191 981 80 grant presse ⁊ la rõpit sa lance. Puis

45 1257 985 85 mist la main a lespee et en serit deca

45 1324 985 84 et dela en gauchissãt puis auãt puis

45 1391 985 91 arriere ainsi commne arondel le uou

49 1465 981 87 loit porter. Et tant fist darmes que

45 1535 985 77 chascun le fuyt par ou il passa Label

42 1598 988 88 le Iosienne prioit souuẽt pour luy di

52 1672 978 88 sãt. Sil reuiẽt sain ⁊ sauf a celle fois

49 1739 981 84 que iamais autre amy que luy ie na

49 1805 981 88 uray ⁊ que bien est a la ualue de bel¬

49 1869 415 98 le dame auoir.

203 1942 665 92 ⁋Comment Beufues

210 2016 658 84 de hantonne conquist du

203 2079 662 88 tout lamour de la belle

203 2146 665 95 Iosienne ꝑ le roy Brãdi

203 2220 672 91 mõt de damas quil prĩt.

344 2290 387 92 Chapitre.ix.

453 2357 577 88 Army la bataille che

460 2420 570 95 uauchoit le roy her¬

457 2487 573 98 min,qui assez lõgue¬

460 2571 570 88 ment auoit regarde

75 2376 370 420 D

450 2635 580 98 beufues le cheualier

52 2705 978 95 mais il ne le congnoissoit mye Il sca

49 2768 981 102 uoit ⁊ pẽsoit bien quil estoit chrestiẽ

49 2845 981 95 pource qͥl cheuauchoit arõdel. Mais

49 2902 981 94 iamais neust curde q̃ aussi ieune en¬

56 2972 974 109 sant comme estoit beufues de hantõ

52 3053 971 101 ne peust auoir si grand uaillance. Si

45 3123 985 176 apella ung de ses escuiers et luy de¬

56 3193 984 123 mãda qui estoĩt celluy qui le destrier

1047 281 960 119 de sa fille cheuauchoit Par ma foy si

1047 370 967 93 re se luy respõdit lescuier.Cest le da¬

1051 435 942 102 moisel que lautre iour dõnastes aio¬

1051 509 942 91 sienne. Saincte marie dist lors le roy

1054 579 946 95 hermin,que tant aura en luy de uail

1051 642 942 92 lancce sil uit longuement.Et cõme

1054 709 950 99 seroit grant le dommage dauoir tel

1051 779 942 99 ensant ꝑdu. Or le secourons beaulx

1054 843 939 102 seigneurs se ꝑdre ne le uoulons Car

1051 916 946 92 en petit dheure lauroiẽt sarrazins cõ

1054 983 946 99 fondu. Lors chascũ poignit celle part

1047 1054 943 91 Et le roy hermin mesmes qui haul,

1047 1117 946 95 temẽt cria Aubessort.Si que bien lẽ¬

1047 1191 946 87 tendit beufues.Hee dieu fait il a soy¬

1054 1261 946 95 mesmes sauuez mõseigneur qui tãt

1051 1331 942 91 me recommanda amadame. Ie lay

1054 1401 943 85 recõgneu ce me semble au cry quil a

1054 1458 939 101 fait. Si me doint dieu tant de grace

1047 1531 939 95 de le garantir de ses ennemis affin q̃

1051 1598 953 95 ie soye en sa grace cõme le me conseil

1054 1665 946 95 la Iosiẽne qͥ de ses fenestres me peut

1047 1732 950 101 plainement ueoir a lenseigne quelle

1051 1812 946 81 me donna. Or est iltẽps que ie uoye

1047 1869 953 91 et saiche a qͥ elle ases armes baillees

1051 1939 946 95 a garder,son cheual a mener; et se en

1051 2013 946 95 mon corps a assez de uaillance pour

1047 2079 953 95 auoir cheuallerie receue dune si belle

1047 2136 563 98 damoiselle quelle est.

1392 2220 619 95 Eufues de hantõne cui

1385 2283 619 92 dant que le roy hermin

1403 2364 587 84 eust moult a faire, pic¬

1389 2417 615 102 qua arõdel le bon destri

1074 2240 328 426 B

1410 2494 583 91 er et regarda deuãt luy

1051 2568 946 105 et uit uingt payẽs en une tourbe qͥ

1054 2645 950 91 auoiẽt charge deux cheualiers de lo¬

1051 2708 949 99 stel du roy hermlĩ ⁊ bie tost les eussẽt

1044 2772 960 94 occiz ou emmenez quãt enmy eulx se

1044 2835 953 102 ferit beufues de hãtõne qͥ maugre leͬ

1044 2905 956 98 defẽce les mena si mal q̃ laisser leur

1047 2975 953 106 feist les deux prisonniers du moins

1044 3049 956 95 mes fist monter a cheual, et assez les

1040 3112 953 99 admonnesta de bien faire mais ainsi

1065 3190 928 126 ne le firent ilz pas Ains se misrẽt en

1677 3242 200 144 C.ii.
