1617 2352
170 141 1149 82 la choſe a loeil. Pardieu uoyla ung hõme acouſtre

170 201 1143 77 de la ſorte q̃ les Poetes nous deſcripuent Mercure.

178 266 1137 82 Ie ne ſcay que faire de croyre q̃ ce le ſoit. ¶ Curtal.

170 329 1147 82 Tay toy: uoyons ung petit qui deuiendra, il uient

170 392 1147 80 droit a nous. ¶ Mercu. Dieu gard les cõpaignons.

174 450 1141 90 uend on bon uin ceans? Corbieu iay grand ſoif.

172 513 1143 86 ¶  Curtalius. Monsieur, ie penſe quil nen ya point

166 580 1147 80 de meilleur dedans Athenes. Et puis monſieur q̃l¬

168 648 1139 75 les nouuelles? ¶ Mercure. Par mõ ame ie nen ſcay

164 703 1145 86 nulles, ie uiens icy pour en apprendre. Hoſteſſe,

168 762 1143 88 ſaictez uenir du uin, ſil uous plait.¶  Curtaliꝰ. Ie

164 831 1151 72 taſſeure que ceſt Mercure ſãs aulire, ie ſe cognoys

168 891 1143 85 a ſon maintien: et uoyla quelque cas quil apporte

166 962 1147 68 des cieulx. Si nous uallons rien, nous ſcaurõs que

168 1015 1145 76 ceſt, ⁊ luy deſroberõs, ſi tu mẽ ueulx croire. ¶ Byz

172 1083 1143 85 phanes. Ce ſeroit a nous une grãde uertu, ⁊ gloi¬

166 1148 1151 71 re, de deſrober nõ ſeulemẽt ung larron, mais lau¬

166 1207 1149 70 teur de tous larrecins, tel quil eſt. ¶  Curtaliꝰ. Il

164 1275 1151 75 laiſſera ſon pacquet ſur ce lict, et ſen ira tantoſt

170 1332 1139 85 ueoir par toute la maiſon de ceãz ſil trouuera rien

166 1401 1151 69 mal mis apoit pour le happer, ⁊ mettre en ſa pou¬

164 1460 1155 70 che. ce pendant nous uerrõs que ceſt quil porte la.

170 1522 1151 79 ¶ Byrphanes. Cest treſbien dict a toy. ¶ Mercure.

166 1585 1143 81 Le uin eſt il uenu? La cõpagnons paſſons dela en

168 1646 1145 74 ceſte chambre, ⁊ allõs taſter du uin. ¶ Curtalius.

166 1711 1153 78 Nous ne faiſons q̃ partir de boire, touteſfoys mon¬

172 1775 1143 79 ſieur nous ſommes cõtens de uous tenir cõpagnie,

166 1838 1153 76 ⁊ de boire encor avec vous. ¶ Mercu. Or meſſieurs

168 1899 1149 108 tandis que le uin uiendra, ie men uoys ung petit a

1023 1963 147 112 A.iiii.
