1627 2390
285 157 1162 80 leſbat, faictes reinſſer des uerres ce pẽdãt, ⁊ appror¬

283 221 1166 77 ter quelque choſe a manger. ¶Curtalius. Le boys

285 282 1164 78 tu la le galland? Ie cognois ſes faſons de faire: ie

285 348 1166 78 ueulx quon me pende ſil retourne quil nayt fouille

287 412 1160 85 par tous les coings de ceãs,⁊ qͥl nayt faict ſa main,

283 474 1168 79 comment que ce ſoit,⁊ taſſeure bien quil ne retour¬

285 537 1166 78 nera pas ſi toſt. Pource uoyons ce pendãt que ceſt

285 601 1162 82 qͥl a icy, ⁊ le deſrobõs auſſi ſi nous pouuõs. ¶ Byr¬

285 663 1170 83 phanes. Deſpeſchons nous donc, quil ne nous ſur¬

287 726 1162 90 prenne ſur le faict. ¶ Curtalius. Doy cy ung liure.

287 788 1066 82 ¶ Byrphanes. Quel liure eſt ce? ¶ Curtalius.

376 862 880 90 Quæ in hoc libro continentur:

293 942 1168 101 Chronica rerum memorabilium quas Iu

378 1019 906 100 piter geſſit antequam eſſet ipſe.

301 1099 1154 96 Fatorum praeſcriptum: ſiue, eorum quæ

376 1181 939 83 futura ſunt, certæ diſpoſitiones.

287 1260 1168 102 Catalogus Heroũ immortalium, qui cũ

378 1344 1057 86 Ioue vitã victuri ſunt ſempiternam.

289 1418 1162 99 Vertubieu, uoicy ung beau liure mõ compagnon,

281 1493 1172 90 ie croy qͥl ne ſen uend point de tel dedans Athenes.

291 1565 1162 72 Scays tu que nouz ferons? nouz en auõs ung dela,

287 1621 1168 83 qui eſt bien de ce uolume, ⁊ auſſi grãd, ua le que¬

285 1688 1166 84 rir, ⁊ le mettons en ſon ſac, en lieu de ceſtuy cy, et

285 1746 1164 86 le refermons comme il eſtoit, il ne ſen doubtera ia.

287 1810 1160 84 ¶ Byrphanes. Par le corbieu nous ſommes riches,

283 1882 1166 71 nous trouueronz tel libraire qui nous baillera dix

285 1937 1168 112 mil eſcuz de la copie. Ce le liure de Iupiter lequel
