1619 2350
194 148 1142 83 loffice pour traficq̃r ⁊ cõuerſer entre les humains.

188 213 1146 82 Hoſteſſe, tenez, payez, prenez la ce quil uous

194 278 1132 82 fault. Et bien, eſtes uous ꝯtente? ¶ Lhoſteſſe. Ouy

192 342 1142 71 monſieur. ¶Mercure. Ma dame, que ie uous dye

194 401 1144 76 ung mot a loreille ſi uous plait. Scauez uoꝰ point

190 468 1146 68 comment ſappellent ces deux compagnõs qui ont

188 524 1144 75 beu dela avec moy? ¶ Lhoſteſſe. Lũg ſappelle Byr

188 589 1144 76 phanes, ⁊ laultre Curtalius.*Mercu. Ceſt aſſez.

184 652 1146 76 A Dieu ma dame.mais pour le plaiſir que mauez

188 712 1148 75 faict, tãt mauoir dõne de ſi bon uin, que de me

186 777 1152 69 dire les noms de ces meſchants, ie uous promectz ⁊

184 836 1152 72 aſſeure, que uostre uie ſera allongee de cinquante

186 898 1154 83 ans en bonne ſante, ⁊ ioyeuſe liberte, oultre linſti¬

180 961 1162 80 tution ⁊ ordõnance de mes couſines les Deſtinees.

184 1024 1156 76 ¶ Lhoſteſſe. Vous me promettez merueillez, mon¬

192 1086 1146 79 ſieur, pour ung riẽ: mais ie ne le puis croire: pour¬

186 1149 1154 73 ce que ie ſuis bien aſſeuree, que cela ne pourroit ia¬

188 1212 1148 78 mais aduenir. Ie croy que uous le uouldries bien,

186 1274 1150 77 auſſi feroy ie de ma part: car ie ſeroye biẽ heureuſe

180 1339 1158 72 de uiure ſi longuement en tel eſtat, que uous me

190 1404 1148 66 dictes:Mais ſi ne ſen fera il rien pourtant. ¶ Mer¬

186 1462 1154 71 cure. Dictes uous? ha, uoꝰ en riez, ⁊ uous en moc¬

186 1527 1152 71 quez? Non, uous me uiurez pas tant uoirement, et

186 1588 1150 82 ſi ferez tout le temps de uoſtre uie en ſeruitude, et

188 1650 1144 79 malade toutes les lunes iuſques au ſang. Or uoy

184 1717 1156 76 ie bien que la mauluaiſtie des femmes ſurmontera

188 1778 1152 82 celle des hommes. Hardiment il ne ſen fera rien,

194 1840 1144 81 puis que uous ne lauez pas uoulu croire. Vous

196 1905 1128 114 nauez iamais hoſte (quelque plaiſir que luy ayez
