1643 2390
307 1065 265 102 I

494.0 202.0 959.0 158.0 DIALOGVE

753.0 328.0 220.0 78.0 Second.

634.0 456.0 486.0 93.0 Les perſonnages.

299.0 573.0 1140.0 92.0 Trigabus. Mercure. Rhetulus. Luber¬

328.0 651.0 333.0 75.0 cus. Orarig.

604.0 832.0 843.0 80.0 E puiſſe mourir, Mercure, ſi tu es

721.0 760.0 407.0 98.0 Trigabus.

596.0 902.0 855.0 81.0 qung abuſeur, et fuſſes tu filz de Iu¬

598.0 963.0 849.0 82.0 piter troys foys, affin que ie te le dye.

600.0 1027.0 849.0 70.0 Tu es ung caut Darlet. Ce ſouuiẽt

285.0 1149.0 1166.0 85.0 ne fuz tu icy? Tu en baillas bien a noz Reſueurs

590.0 1083.0 861.0 90.0 .i. du bõ tour que tu ſeiz oncques puis

285.0 1212.0 1162.0 86.0 de philoſophes. ¶ Mercure. Commẽt donc? ¶  Tri¬

287.0 1278.0 1160.0 74.0 gabus. Comment? Quant tu leur dis que tu auois

281.0 1340.0 1162.0 82.0 la pierre philoſophale, et la leur monſtras, pour

283.0 1408.0 1160.0 81.0 laquelle ilz ſont encore en grand peine, dont ilz tim¬

285.0 1475.0 1158.0 72.0 portunerent tant par leurs prieres, que toy doubtãt

285.0 1537.0 1162.0 72.0 a qui tu la donneroys entiere, uins a la briſer, et

285.0 1601.0 1158.0 70.0 mettre en pouldre, ⁊ puis la reſplandiz par lareine

281.0 1659.0 1160.0 81.0 du theatre, ou ilz eſtoyent diſputans (comme ilz ont

285.0 1720.0 1154.0 86.0 de coſtume) a celle fin q̃ ung chaſcun en euſt q̃lque

279.0 1788.0 1158.0 84.0 peu, leur diſant quilz cherchaſſent bien, et que filz

287.0 1852.0 1158.0 81.0 pouuoient recouurer dicelle pierre philoſophale, tãt

283.0 1913.0 1162.0 78.0 petite piece fuſt elle, ilz feroient merueilles, trãſmu

283.0 1979.0 1160.0 100.0 royent les metaulx, romproyent les barres des por¬
