1601 2364
165 177 1157 81 ya aulcun dentre eulx qui ſont ſi oultrecuidez et

161 240 1165 77 opiniaſtrez, que pour la grãde perſuaſion quilz ont

159 303 1162 79 que lareine par eulx choiſie eſt de la uraye pierre

159 364 1165 83 philoſophale, promettent rendre raiſon ⁊ iuger de

159 427 1167 75 tout, des cieulx, des chãps Eliſiens, de uice, de uer¬

157 496 1165 69 tu, de uie, de mort, de paix, de guerre, du paſſe, de

163 555 1161 73 laduenir, de toutes choſes ⁊ pluſieurs aultres, telle

163 616 1163 75 ment quil nya rien en ce monde, de quoy il ne faille

155 675 1171 77 quilz en tiennent leurs propos, uoire iuſques aux

161 736 1163 87 petit chiens des garſes des Druydes, ⁊ iuſque aux

161 799 1171 85 poupees de leurs petits enfans. Il eſt bien uray quil

163 862 1169 81 en ya quelquel ungs (ainſi que iay ouy dire) leſ¬

161 929 1169 73 quelz on eſtime en auoir trouue des pieces : mais

163 990 1161 81 icelles nont eu aucune uertu ne proptiete, ſinon q̃lz

167 1051 1159 77 en ont tranſforme des hommes en cigales, qui ne

173 1122 1155 73 font aultre choſe que cacquetter iuſques a la mort,

165 1180 1163 80 daultres en perroquetz iniurieux, non entendans ce

161 1241 1167 78 quilz iargonnẽt, daultres en aſnes propres a por¬

161 1302 1169 78 ter gros faix, et opiniaſtres a endurer force coups

167 1365 1167 75 de batons. Bref ceſt le plus beau paſſetemps, et la

171 1432 1159 77 plus ioyeuſe riſee de conſiderer leur facon de faire,

169 1495 1161 71 que lon dit oncques, ⁊ dont lon ouyt iamais parler.

169 1556 1159 81 ¶  Mercure. A bon eſcient? ¶  Trigabus. Voire par

169 1619 1155 79 le corbieu. Et ſi tu ne men ueulx croire, uien ten,

169 1682 1161 69 ie te meneray au theatre, ou tu uerras le miſtere, ⁊

167 1741 1159 75 en riras tout ton beau ſaoul. ¶ Mercure. Ceſt treſ¬

169 1802 1161 85 bien dict, allons y. Mais iay grand paour quilz me

173 1859 1161 93 cognoiſſent. ¶ Trigabus. Oſte ta uerge, tes talai¬

171 1930 1163 101 res, et ton chapeau, ilz ne te cognoiſtront iamais

1108 1993 76 87 B
