1638 2366
272 199 1162 77 ainſi. ¶ Mercure. Non non: ie feray bien mieulx, ie

270 262 1162 75 men uoys changer mon uiſage en aultre forme.

268 325 1162 69 Or me regarde bien au uisage pour ueoir que ie

262 382 1164 81 deuiendray. ¶ Trigabus. Vertubieu, queſt cecy?

264 451 1166 75 quel Proteus ou maiſtre Gonin tu es? comment

266 518 1158 77 tu as tantoſt eu change de uisage? ou tu eſtois ung

260 577 1170 71 beau ieune gars, tu tes faict deuenir ung ueillart

264 638 1174 81 tout gris. ha ientendz bien maintenant donc cela

264 701 1170 79 procede, ceſt par la uertu des motz que ie tay ueu

264 766 1168 71 ce pendãt mornonner entre tes leures : Mais par le

264 830 1164 71 corbieu ſi fault il que tu men monſtres la ſcience,

264 899 1160 71 ou tu ne ſeras pas mon amy.ie paieray tout ce que

262 956 1164 77 tu uouldras. Sil aduient que ie lache une foys ce¬

262 1023 1162 69 la, et que ie prenne tel uisage que ie uouldray, ie

264 1088 1162 77 ferau tant que lon parlera de moy. Or ie ne taban¬

266 1155 1156 63 donneray iamais que tu ne le me ayes enſeigne. Ie

260 1210 1164 79 te ſupplie, Mercure mon amy, apprens moy les

262 1269 1160 83 parolles quil fault dire, affin que ie tienne cela de

260 1330 1158 77 toy. ¶ Mercure. Vrayemẽt ie le ueulx bien, pource

256 1397 1162 81 que tu es bon comaignon.ie le tenſeigneray auãt

260 1459 1158 80 que ie parte dauec toy. Allons premieremẽt aux a¬

258 1522 1162 77 reines, et puis apres ie le te dirau. ¶ Trigabus. Or

260 1585 1162 75 bien, ie me fie en ta parolle. Voy tu ceſtuy la qui

262 1648 1156 89 ſe promene ſi bruſquement? Ie uouldrois que tu

258 1711 1155 85 louyſſes ung petit raiſonner, tu ne uis oncques en

258 1770 1160 83 ta uie le plus plaiſant badin de philosophe. Il mõ¬

254 1837 1166 85 ſtre ie ne ſcay quel petit grain dareine, et dict par

256 1896 1162 91 ſes bons dieux que ceſt de la uraye pierre philoſo¬

258 1963 1160 109 phale, uoire et du fin cueur dicille. Tien la, com¬
