1638 2357
186 212 1159 70 ment il tourne les yeulx en la teſte? eſt il content

182 274 1159 73 de la perſonne? Voy tu comment il neſtime rien le

186 337 1151 77 monde au pris de ſoy? ¶ Mercure. En uoyla ung

184 398 1159 77 aultre qui neſt pas moins rebarbatif que luy, appro

184 463 1159 83 chons nous ung petit, ⁊ uoions les mines quilz fe¬

186 530 1159 72 ront entre eulx, ⁊ oyons les propos quilz tiendront.

184 583 1161 80 ¶ Trigabus. Cest bien dict. ¶ Rhetulus. Vous

184 650 1151 80 auez beau chercher meſſieurs, car ceſt moy qui ay

188 714 1157 77 trouue la feue du gaſteau. ¶ Cubercus. Mon amy,

182 771 1164 77 ne uous glorifiez ia tant. La pierre philoſophale eſt

186 840 1162 75 de telle propriete, quelle pert la uertu ſi lhomme

186 899 1160 81 preſume trop de ſoy quil en a trouue des pie¬

182 964 1164 78 ces. ie penſe bien que vous en auez : mais ſouffrez

180 1025 1159 80 que les aultrez en cherchent, ⁊ en aient auſſi bien

186 1090 1159 78 que vous, ſi leur eſt poſſible. Mercure qui la nous

186 1151 1160 68 a baillee, nentend point que nous uſions de ces re¬

186 1213 1162 81 prouches entre nous, mais veult que nous nous

186 1278 1162 79 entraymions lung lautre comme freres. Car il ne

186 1341 1162 69 nous a pas mis a la queſte dune ſi noble et diuine

186 1404 1164 73 choſe pour diſſenſiõ : mais plus toſt pour dilection.

188 1469 1160 68 Touteſfois (a ce que ie uoy) nous faiſons tout le cõ

184 1528 1164 72 traire. ¶Rhetulus. Or vous auez beau dire, ce

182 1592 1166 79 neſt que ſable tout ce que voꝰ autres avez amaſſe.

186 1661 1162 69 ¶ Drarig. Vous mẽtez par la corge, en voyla une

184 1714 1162 85 piece, qͥ eſt de la vraye pierre philoſophale, mieulx

184 1781 1162 71 que la voſtre. ¶ Rhetulus. Nas tu point de honte

188 1844 1164 82 de preſenter cela pour pierre philoſophale? Eſt il

186 1907 1160 74 pas bon a veoir que ce neſt pas ſable? Phy phy, oſte

186 1972 1159 100 cela. ¶ Drarig. Pour quoy me las tu faict tumber?

1073 2028 126 124 B.ii.
