1638 2382
311 184 1174 85 eſtre ſi ſages et prudentes) pour leur remonſtrer

313 262 1168 69 ung petit leur malheureuſe follie et temerite. Et

309 313 1170 80 que pour ce faire, il ſadreſſe a Somnus, qui luy

313 377 1168 83 preſtera uoulentiers de ſes garſons, auec leſquelz

309 440 1174 82 il yra de nuyct a icelles Veſtales, ⁊ leur fera taſter

313 512 1170 71 a trouuer bon en dormant ce quen veillant elles ne

313 571 1176 82 ceſſent de blaſmer;⁊ quils eſcoute bien les propos de

315 641 1172 67 regreta et repentances que chaſcune tiendra a par

313 696 1174 78 ſoy, pour luy mander toutes nouuelles bien au

321 760 1162 75 long, ⁊ le plus toſt quil luy ſera poſſible. Item dire

317 823 1166 76 a ces dames et damoyſelles, quelles noublient pas

321 897 1162 65 leurs touſretz de nez quand elles yront par la ville,

323 958 1162 68 car ilz ſont bien bons pour ſe rire et mocquer de

321 1010 1162 85 pluſieurs choſes que lon voit, ſans que le monde

325 1081 1158 80 ſen apercoiue. Item aduertir ces ieunes filles q̃lles

321 1137 1166 79 ne faillent pas darrouſer leurs uiolettes deuers le

319 1204 1166 84 ſoir, quand il fera ſeichereſſe; ⁊ quelles ne ſe voiſent

323 1268 1166 79 pas coucher de ſi bonne heure, quelles nayent receu

321 1329 1166 76 ⁊ donne le bon ſoir a leurs amys; ⁊ quelles ſe don¬

321 1391 1164 75 nent bien garde de ſe coiffer ſans miroir, ⁊ quelles

325 1455 1162 77 apprennent ⁊ recordent ſouuẽt toutes les chanſons

323 1524 1160 71 nouuelles. Quelles ſoyent gracieuſes, courtoyſes, ⁊

325 1582 1164 77 amyables aux amans. Quelles ayent pluſieurs

323 1645 1168 79 Duyz aux yeulx, et force Mennyz en la bouche: et

325 1709 1168 79 que ſur tout elles ſe facẽt bien prier a tout le moins

323 1776 1172 76 que par leurs dictz elles ne viennent point ſi toſt a

325 1842 1170 75 declarer leur volunte, ains quelles la diſſimulent

325 1899 1172 86 le plus quelles pourront, pource que ceſt tout le

325 1967 1170 97 bon. la parolle faict le ieu. Bien il ny aura point de

1328 2026 163 99 faulte
