1620 2348
207 164 1150 88 pour certaine ſomme dargent. ¶ Mercure.Voire?

213 228 1146 92 Par le corbieu ceſt ce liure la ſans aultre. Il nya

203 287 1152 86 que danger quilz ny eſcripuent des uſuriers,ron¬

209 360 1146 86 geurs de poures gens, des bougres, des larrons, ⁊

199 412 1156 88 quilz en effacent des gens de bien, pource quilz nont

201 473 1152 90 que leur donner. Jupiter en auroit bien de par le

199 534 1154 90 diable. Et ou les pourroys ie trouuer? ¶ Cupido.

203 598 1154 86 Ie ne ten ſcaurois que dire:car ie ne ſuis point

195 659 1160 94 curieux de ces matieres la. Ie ne penſe ſi non a

195 727 1156 86 mez petiz ieux, menuz plaiſirs, ⁊ ioyeux eſbatte¬

191 788 1160 78 mens, ⁊ entretenir ces ieunes dames, a iouer au ca¬

193 847 1156 86 chemouchet au domicile de leurs petitz cueurs ou

190 907 1161 96 ie picque ⁊ laiſſe ſouuent de mes legeres fleſches,

190 972 1157 94 a uoltiger par leurs cerueaulx, ⁊ leurs chatoiller

191 1042 1160 73 leurs tendres mouelles, et delicattes entrailles a

186 1099 1157 84 me monſtrer ⁊ promener dedans leurs ryãs yeulx,

188 1160 1157 92 ainſi quen belles petits galleries, a baiſer ⁊ ſuccer

186 1224 1159 86 leurs leures uermeilles, a me laiſſer couler entre

184 1287 1157 88 leurs durs tetins, ⁊ puis de la me derober, ⁊ men

186 1346 1157 90 aller en la vallee de ioyſſance, ou eſt la fontaine de

186 1414 1157 88 iouuence, en  laquelle ie me ioue, ie me rafreſchy, ⁊

184 1481 1161 82 recree, ⁊ y faiz mon heureux ſeiour.¶ Mercure. Ta

182 1539 1159 86 mere ma icy baille ung memoire pour taduertir

184 1596 1159 90 de quelque choſe: Tien, tu le uerras tout a loiſir,

184 1663 1155 88 ⁊ feras le cõtenu: car iay grand haſte, a dieu. ¶Cu¬

180 1727 1157 84 pido. Tout beau, tout beau ſeigneur Mercure.

180 1794 1159 74 ¶ Mercure. Vertubieu, tu me arracheras mes ta¬

178 1849 1161 92 laires, laiſſe moy aller Cupido ie te prie, ie nay pas

184 1923 1155 98 ſi grand enuye de iouer que toy. ¶Cupido. pourtãt

1065 1991 127 108 C.ii.
