1620 2336
220 147 1154 86 paſſer de leurs ſemblables. Or vous feroys ie uo¬

216 212 1154 81 luntiers une requeſte, ceſt que uous ne mimpor¬

214 274 1150 88 tuniſſiez plus par voz menuz iargons:car ientendz

214 338 1148 72 trop ce que vous voulez dire:⁊ que ne me feiſſez

214 397 1152 87 plus veoir les ſpectacles de voz amoureux aſſem¬

210 463 1156 76 blements: car cela ne me peult reſiouyz, ains me

216 521 1152 86 faict iuger qui ie ſuis la plus malheureuſe creature

210 585 1151 82 qui ſoit en ce monde. Helas quãd reuiendra il mon

210 648 1154 87 amu? Jay grand paour que ie ne luy aye eſte ſi

210 710 1158 86 farrouche, quil ne retourne plus, ſi fera, ſil ma au¬

206 784 1162 62 tant aymee ou ayme encores, cõme ie layme main¬

208 833 1168 83 tenant. Il me tarde bien que ie ne te voy: ſil reuient

210 895 1152 86 iamais, ie luy ſeray plus gracieuſe, ⁊ luy feray bien

210 961 1160 72 ung plus doulx racueil, ⁊ meilleur traictement,

208 1022 1166 85 que ie nay pas faict par cy deuant. ¶ Cupido. Va

210 1084 1160 78 va de par dieu va, dict la fillette, puis que remede

208 1144 1164 88 ny puis mettre. Or, elle eſt bien la bonne dame, elle

200 1204 1172 94 en a ce quil luy en fault. ¶ Mercure. Neſt ce pas

210 1275 1162 77 pitie,ſoit que ie vienne en terre, ou que ie retourne

206 1335 1168 80 aux cieulx, touſiours le monde, ⁊ les dieux me

206 1395 1174 86 demandent, ſi iay, ou ſi ie ſcay rien de nouueau.il

200 1456 1176 87 fauldroit une mer de nouuelles, pour leur en peſ¬

206 1520 1176 86 cher tous les iours de freſches. Ie uous diray, a

206 1586 1172 84 celle, in que le monde ayt de quoy en forger, ⁊ que

208 1652 1172 80 ien puiſſe porter la hault, ie men uoys faire tout

204 1709 1176 81 a ceſte heure, que ce cheual la parlera a ſon pala¬

208 1767 1174 92 fernier, qui eſt deſſus, pour veoir quil dira: ce fera

210 1831 1170 86 quelque choſe de nouueau a tout le moins. Carga¬

216 1898 1160 105 bando Phorbantas Sarmotoragos. O. ouay ie

1070 1964 148 91 C.iii.
