1620 2359
186 133 1144 85 parle. ¶Ardelio. Qui a il la, que tant de gens y

180 198 1158 83 accourrent,⁊ ſaſſemblement en ung troupeau? Il me

186 259 1141 83 fault ueoir que ceſt. ¶Statius. Ardelio, tu ne ſcay

182 326 1152 76 pas, par le corbieu mon cheual parle. ¶Ardelio.

182 393 1152 70 Diz tu? Voyla grãd merueille. Et que dict il? ¶Sta¬

176 448 1158 74 tius. Je ne ſcay; car ie ſuis tant eſtonne douyz ſortir

176 511 1158 80 parolles dune telle bouche, que ie nentendz point

173 570 1163 82 a ce quil dict. ¶ Ardelio. Metz pied a terre, ⁊ leſcou¬

171 634 1159 77 tons ung petit raiſonner. Retirer vous meſſieurs

174 697 1153 79 ſil vous plait, faictes place, vous verrez auſſi bien

173 758 1156 81 de loing que de pres. ¶ Statius. Or ca, que veulx

169 823 1160 73 tu dire belle beſte, par tes parolles? ¶ Phlegon.

173 892 1157 67 Gens de bien, puis quil a pleu au bon Mercure de

169 943 1161 75 mauoir reſtitue le parler, ⁊ que vous en voz affai¬

169 1006 1163 77 res prenez bien tant de loiſir de vouloir eſcouter la

165 1071 1162 73 cauſe dung poure animau que ie ſuis. Vous deuez

173 1132 1156 80 ſcauoir que ceſtuy mon palefrenier me faict toutes

167 1195 1162 78 les rudeſſes quil peult, ⁊ non ſeulement il me bat,

169 1260 1161 74 il me picque, il me laiſſe mourir de fain, Mais.

165 1317 1162 80 ¶Statius. Ie te laiſſe mourir de fain? ¶Phlegon.

163 1380 1166 76 Voire, tu me laiſſes mourir de fain. ¶Statius. Par

159 1444 1171 75 la morbieu vous mentez, ⁊ ſi vouz le voulez ſouſte¬

159 1509 1158 77 nir, ie vouz couperay la gorge. ¶ Ardelio. Mon

167 1566 1160 83 ferez dea, feriez vous bien ſi hardy, de tuer ung

159 1631 1168 75 cheual qui ſcait parler? Il eſt pour faire ung pre¬

167 1694 1162 85 ſent au roy Ptolomee le plus exquis quon viſt ia¬

161 1759 1168 79 mais. Etſi vous aduertiz bien que tout le treſor

165 1822 1162 80 de Creſus ne le pourroit pas payer. Pource aduiſez

165 1893 1160 102 bien que vous ferez, ⁊ ne le touchez point,ſi vous

1026 1946 153 104 C.iiii.
