1608 2356
180 726 271 77 S

388.0 172.0 917.0 149.0 DIALOGVE

373.0 294.0 748.0 80.0 Quatreieſme, De deux chiens,

449.0 359.0 585.0 86.0 Hylactor ⁊ Pamphagus.

471.0 481.0 852.0 80.0 Il plaiſoit a Anubis, q̃ ie peuſſe trou-

463.0 547.0 854.0 81.0 uer ung chien lequel ſceut parler, en¬

463.0 602.0 852.0 87.0 tendre, et tenir propos comme ie fay,

459.0 669.0 856.0 82.0 que ie ſeroye ayſe? Car ie ne me veulx

459.0 730.0 862.0 78.0 pas auancer de parler, que ce ne ſoit a

166.0 789.0 1145.0 92.0 mon ſemblable. Et touteſfoys ie ſuis bien aſſeure,

166.0 850.0 1151.0 90.0 que ſi ie vouloye dire la moindre parolle deuant

166.0 914.0 1141.0 89.0 les hommes, que ie ſeroye le plus heureux chien,

168.0 975.0 1145.0 91.0 qͥ fut iamais. ie ne ſcay Prince ne Roy en ce mode,

164.0 1036.0 1151.0 88.0 qui fuſt digne de mauoir, veu leſtime q̃ lõ pourroit

170.0 1101.0 1145.0 88.0 faire de moy. Se ien auoye tant ſeulemẽt dict autãt

162.0 1160.0 1151.0 88.0 qie ien vien de dire, en quelque compagnie de gẽs,

164.0 1223.0 1149.0 92.0 le bruyt en ſeroit deſia iuſq̃s aux Indes. Et diroit

164.0 1285.0 1149.0 87.0 lon par tout, Il ya en ung tel lieu ung chien qui

166.0 1348.0 1145.0 91.0 parle. On viendroit de tous le quartiers du mõde,

164.0 1411.0 1149.0 90.0 la ou ie ſeroye,⁊ bailleroit lon de largent pour me

168.0 1476.0 1145.0 90.0 veoir ⁊ ouyr parler. Et encores ceulx qͥ mauroyẽt

168.0 1537.0 1145.0 96.0 veu, et ouy, gaigneroyent ſouuent leur eſcot a ra¬

164.0 1600.0 1149.0 84.0 compter aux eſtrangiers, et aux pays loingtains

164.0 1660.0 1149.0 85.0 de la facon, ⁊ de mes propos. Je ne penſe pas que

164.0 1729.0 1147.0 83.0 lon ayt veu choſe plus merueilleuſe, plus exquiſe,

164.0 1788.0 1147.0 90.0 ne plus delectable.Si me garderay ie bien touteſ¬

174.0 1859.0 1139.0 82.0 foys de rien dire deuant les hommes, que ie naye

168.0 1920.0 1143.0 104.0 trouue premieremẽt quelque chien qui parle cõme
