1611 2336
153 169 1148 82 gus. Qui appelles tu matin? Matin toy meſmes.

148 231 1147 74 ¶ Hylactor. He mon compagnon, mon amy par¬

148 293 1149 76 donne moy, ſil te plait, ⁊ maccolle, ie te prie. Tu eſt

146 356 1149 72 celuy que iay le plus deſire ⁊ chercher en ce mõde.

146 418 1153 72 Et uoyla ung ſault pour lamour de Diane, qui

140 476 1149 78 ma rendu tant hereux en ceſte chaſſe, que ie y ay

138 548 1153 71 trouue ce que ie cherchoye. En voyla encor ung

144 607 1151 80 autre pour toy gentil Anubis.Et ceſtuy la pour

146 669 1139 76 Cerberus, qui garde les enfers. Dy moy ton nom

144 730 1147 81 ſil te plait. ¶Pamphagus.Pamphagus. ¶Hyla¬

138 790 1149 82 ctor.Eſt ce toy, Pamphagus mõ couſin, mon amy.

142 854 1149 74 Tu cognois donc bien Hylactor. ¶Pamphagus.

146 914 1141 82 Voire dea, ie cognois bien Hylactor.ou eſt il? ¶Hy¬

138 977 1151 78 lactor. Ceſt moy. ¶Pamphagus.Par ta foy?Par¬

144 1041 1145 72 donne moy Hilactor mon amy, ie ne te pouuoye re¬

144 1105 1145 74 cognoiſtre, car tu as une oreille couppee, ⁊ ie ne

140 1164 1147 81 ſcay quelle cicatrice au front, que tu ne ſoulois pas

142 1226 1147 72 auoir.dont teſt uenu cela? ¶Hyla. Ne ten enquiers

144 1288 1141 86 plus auant, ie te prie, la choſe ne vauldroit pas le

142 1354 1145 74 racompter, parlons dautre matiere. Ou as tu eſte,

144 1417 1145 76 ⁊ quas tu faict depuis que nous perdiſmes noſtre

140 1477 1141 82 bon maiſtre Acteõ?Pamphagus. Ha, le grand

144 1543 1137 78 malheur, tu me renouuelles mes douleurs. O que

142 1609 1141 70 ie perdiz beaucoup en ſa mort, Hilactor, mon amy:

144 1668 1141 80 Car ie faiſoys grand chere fors, ou maintenant, ie

140 1732 1147 80 meurs de fain. ¶Hylactor. Par mon ſerment nous

142 1794 1135 76 auions bon temps, quand ie y penſe. Ceſtoit ung

140 1857 1143 81 homme de bien que Acteon, ⁊ vray gentil homme,

144 1919 1139 99 car il aymoit bien les chiens. On neuſt oſe frappee
