1611 2336
200 155 1151 88 Nous voicy bien, Ilz ne nous ſcauroient ueoir en

198 219 1155 84 ce petit boſcage. Et puis leur gibbier ne ſadreſſe

204 284 1155 74 pas pardeca. Ce pendant ie te demanderoye volun¬

198 348 1151 82 tiers ſi tu ſcays point la cauſe pourquoy toy ⁊ moy

198 416 1157 76 parlons, ⁊ tous les autres chiens ſont muetz, Car

194 471 1159 77 ie nen trouuay iamais qui me ſceuſt rien dire fors

198 535 1157 80 que toy, en ſi en ay beaucoup veu en mon temps.

194 595 1157 78 ¶ Pamphagus. Nen ſais tu rien? Je te la voys

196 657 1159 78 dire. Te ſouuient il bien quand noz compagnons

194 718 1161 74 Melancheres, Cheridamas, ⁊ Oreſitrophus ſailli

194 782 1163 82 rent ſus Acteon leur bon maiſtre, ⁊ le noſtre, lequel

192 842 1163 84 Diane auoir nouuellement tranſforme en ſerf, et

194 907 1157 76 que nous autres accourruſmes, et luy vaillaſmes

192 965 1163 76 tãt de coups de dentz, quil mourut en la place? Tu

190 1025 1156 86 dois ſcauoir(comme iay depuis veu en ie ne ſcay

192 1090 1163 85 quel liure qui eſt en noſtre maiſon). ¶ Hylactor.

196 1164 1159 62 Comment? tu ſcais donc bien lire.ou as tu apprins

192 1216 1159 82 cela? ¶Pamphag. Je le te diray apres: mais eſcou¬

196 1284 1155 74 te cecy premierement. Tu doys entendre que quand

198 1335 1153 88 ung chaſcũ de nous faſoit ſes effortz de le mordre,

196 1405 1163 80 daduenture ie le mordiz en la langue, laquelle il

196 1463 1161 84 tiroit hors la bouche, ſi bien que ien emportay une

196 1537 1161 74 bonne piece que iauallay. Or dict le compte, que

190 1588 1163 88 cela fut cauſe de me faire parler, il nya rien ſi vray:

194 1650 1163 86 car auſſi Diane le vouloit. Mais pource que ie

196 1715 1155 83 nay point encores parle deuant les hommes, on

198 1777 1148 85 cuyde que ce ne ſoit qune fable: touteſfoys ſi eſt on

194 1847 1161 78 touſiours apres pour trouuer les chiens qui man¬

202 1909 1151 96 gerent de la langue Dacteon ſerf. Car le liure

1088 1962 65 142 D
