1637 2355
206 180 1152 86 a toy pour te veoir, ⁊ ouyr parler.Neſtimes tu

206 245 1150 74 rien veoir a lentour de toy dix milions doreilles

206 310 1150 72 qui teſcoutent, et autant dyeulx qui te regardent

204 368 1150 75 en face? ¶Pamphagus. Je ſcay bien tout cela.

206 429 1146 83 Mais quel prouffit men viendroit dauantage: Ie

202 492 1156 77 nayme point la gloire de cauſer, affin que ie le te

206 553 1146 82 dye: car auec ce que ce me ſeroit une paine, il ny

204 616 1152 74 auroit ſi petit coquin a qui il ne me failliſt tenir

204 679 1154 76 propos, et rendre raiſon. On me tiendroit en cham¬

196 739 1160 87 bre, ie le ſcay bien, on me froteroit, on me pigneroit,

200 802 1160 81 on maccouſtreroit, on madoreroit, on me doreroit,

198 865 1160 84 on me dorelotteroit. Bref, ie ſuis bien aſſeure que

198 926 1160 74 lon me vouldroit faire viure autrement que le na¬

194 987 1164 86 turel dung chien ne requiert. Mais. ¶Hylactor.

198 1051 1162 73 Et bien,ſerois tu pas content de uiure ung pe¬

194 1112 1168 85 tit a la facon des hommes? ¶ Pamphagus. A la

198 1173 1162 84 faon des hommes? Ie te iure par les trois teſtes de

192 1240 1168 72 Cerberus, que iayme mieulx eſtre touſiours ce

188 1301 1174 82 que ie ſuys, que plus auant reſſembler les hom¬

194 1361 1166 85 mes, en leur miſerable facon de uiure, quand ne

198 1422 1164 87 ſeroit ia que pour le trop parler dõt il me fauldroit

198 1485 1158 90 uſer auec eulx. ¶ Hylactor. Ie ne ſuis pas de ton

196 1550 1162 84 opinion. Vray eſt que ie nay point encores parle

196 1611 1164 86 deuant eulx. Mais ſans cela que iauoye en phan¬

198 1674 1154 88 taſie de trouuer premieremẽt quelque compagnon

198 1734 1164 79 qui ſceut parler comme nous, ie neuſſe par tãt mis

196 1795 1164 92 a leur dire quelque choſe:car ien viuroye mieulx,

190 1858 1170 92 plus honorablement, ⁊ magnifiquement. Ma pa¬

196 1921 1160 104 rolle ſeroit preferee a celle de tous les hommes,

1052 1991 127 87 D.ii.
