1559 2339
117 116 1157 98 pouerois pas tenir longuement. ¶ Pamphagus.

124 177 1148 99 Je men raporte a toy, on te aura en fort grand

115 253 1157 80 admiration pour ung temps, on te priſera beau¬

117 306 1145 91 coup, tu mẽgeras de bons morceaulx, tu ſeras bien

120 366 1150 95 ſeruy de tout, excepte que lon ne te dira pas, du¬

115 428 1155 92 quel voulez vouz? car tu ne boys point de vin,

117 495 1155 80 comme ie croy: au reſte, tu auras tout ce que tu

119 551 1155 94 demanderas: Mais tu ne ſeras pas en telle liberte

117 613 1162 92 que tu deſireroys:Car bien ſouuent il te fauldra

115 674 1163 99 parler a lheure que tou vouldrois dormir, et prenre

117 736 1159 98 ton repos. Et puis ie ne ſcay ſi a la fin on ſe faſche¬

119 801 1159 93 ra point de toy. Or il eſt temps de nous retirer

119 865 1162 93 pas deuers noz gens, allons nous en a eulx: mais il

115 925 1164 94 fault faire ſemblant dauoir bien couru ⁊ trauaille,

115 990 1166 91 et deſtre hors daleine. ¶ Hylactor. Queſt ce que ie

117 1054 1172 86 uoy la au chemin? ¶ Pamphagꝰ. Ceſt ung paquet

122 1116 1159 86 de lettres, qui eſt tumbe a quelcun. ¶ Hylactor.

126 1173 1155 101 Ie te prie deſplie le, et regarde veoir que ceſt,

120 1241 1161 90 puis que tu ſcais bien lire. ¶ Pamphagus.Aux

122 1302 1163 87 antipodes ſuperieurs. ¶ Hylactor. Aux antipodes

126 1364 1157 93 ſuperieurs? ie croy quil y aura quelque choſe de

122 1430 1157 88 nouueau.¶ Pamphagꝰ. Les Antipodes inferieurs,

122 1493 1161 91 aux Antopodes ſuperieurs.¶ Hylactor.Mon dieu,

124 1555 1161 88 qualles uiennẽt de bien loing. ¶ Pamphagus.Meſ¬

122 1621 1163 88 ſieurs les Antopodes, par le deſir que nous auons

120 1687 1156 80 de humainement conuerſer auec uous, a celle fin

119 1744 1166 96 dapprendre de uoz bonnes facons de uiure,⁊ uous

124 1810 1159 78 communiquer des noſtres, ſuyuans le conſeil des

126 1873 1155 117 aſtres, auions faict paſſer par le Centre de la terre

997 1931 138 96 D.iii.
