1569 2379
305 134 1200 92 auſcuns de noz gens pour aller par deuers uous:

303 196 1202 101 mais vous ayans aperceu cela, leur auez eſtouppe

303 257 1198 103 le trou de uoſtre coſte, de ſorte, quil fault quilz

299 325 1202 95 demeurẽt aux entrailles de la terre. Or nous vous

297 388 1202 97 prions que vostre bon plaiſir ſoit leur donner paſ¬

297 450 1200 97 ſage:autrement nous vous en ferons ſortir par¬

293 509 1198 111 dela de tant de coſtez, et en ſi grande abundance,

291 576 1198 103 que uous ne ſcaurez au quel courit:Tellement,

287 646 1202 103 que ce que lon vous prie faire de grace et amour,

287 701 1202 111 ferez contrains ſouffrir par la force, a voſtre grande

281 771 1202 105 hõte en confuſion.Et A dieu ſoyez. Voz bons amys

281 836 1200 101 les Antipodes inferieurs. Voyla bien des nouuel¬

281 892 1198 111 les.¶ Hylactor. Cest mon, ⁊ merueilleuſes. ¶ Pam¬

275 957 1204 105 phagus. Eſcoute, on me huſche.il men fault aller.

269 1024 1208 106 nous lirons le demeurant des lettres une aultre

269 1084 1202 111 foys.¶ Hylactor. Mais ou eſt ce que tu les mettras?

267 1149 1204 111 Cache les la en quelque trou de ceſte pyrami¬

263 1217 1212 109 de, et les couure dune pierre, on ne les trouuera

259 1272 1208 113 iamais, et puis au iourdhuy a quelque heure ſi

257 1340 1208 109 nous ſommes de loyſir, ou demain qui eſt le iour

257 1403 1204 105 des Saturnalles, nous les viendrons acheuer de

255 1472 1206 98 lire: car ieſpere quil y aura quelque bõnes nouuel¬

251 1524 1206 121 les, auſſi bien te veulx ie apprendre pluſieurs bel¬

251 1593 1204 115 les fables, que icy ouy racompter autrefoys:com¬

247 1653 1202 117 me la fable de Prometheus, la fable du grand

245 1714 1203 117 Hercules de Libye, la fable du iugement de Paris,

245 1776 1195 125 la fable de Saphon, la fable de Erus qui reueſquit,

245 1843 1203 111 et la chanſon de Ricochet, ſi daduenture tu ne la

249 1907 1191 148 ſcaiz.¶ Pãphagus.Tu men bailles biẽ.ie ſuis tout
