1552 2352
60 133 1170 94 berſe de telles matieres. Haſtons nous.ie te prie, et

64 203 1166 87 nous taiſons, que noz gens qui ſont icy pres, ne

62 264 1170 80 nous oyent parler. ¶ Hylactor. Ie ne parleray donc

64 323 1172 90 meſhuy? Si feray par Diane, ſi ie puis eſtre en

68 388 1164 82 noſtre maiſon:car ie ne men pourroie plus tenir,

64 448 1168 87 Adieu donc. ¶ Pamphagus. Et noublie pas de

64 507 1168 86 bien ouurir la bouche, et tirer la langue, affin de

68 572 1162 94 faire les mines dauoir bien couru. ¶ Pamphagus.

72 631 1162 96 Le follaſtre Hylactor ne ſe pourra tenir de parler,

72 693 1162 91 affin que le monde parle auſſi de luy.Il ne ſcau¬

72 750 1164 102 roit dire ſi peu de parolles quil naſſembliſt tantoſt

74 827 1162 88 beaucoup de gens, et que le bruit nen coure incon¬

72 882 1164 90 tinent par toute la ville, tant ſont les hommes

74 944 1164 98 curieux, et deuiſans uoluntiers des choſes nouuel¬

80 1021 430 80 les et eſtrangeres.

86 1121 1152 119 Fin du preſent Liure intitule Cymbalũ

156 1213 1001 106 Mũdi, en Françoys Imprime nou¬

239 1291 859 102 uellement a Lyon par Benoiſt

321 1372 687 105 Bõnyn imprimeur de¬

357 1450 590 104 mourãt audict lieu

480 1530 375 104 en la rue de

567 1611 190 94 Para¬

606 1697 139 100 dis.

306 1816 745 136 .M.D.XXXVIII.
