1637 2371
193 970 271 87 I

399 171 913 153 DIALOGVE

610.0 296.0 240.0 87.0 Premier.

476.0 412.0 556.0 89.0 Les Perſonnages.

183.0 533.0 1151.0 93.0 Mercure. Byrphanes. Curtalius. Lhoſteſſe.

472.0 727.0 866.0 85.0 L eſt bien uray quil ma commande

581.0 665.0 362.0 81.0 Mercure.

472.0 790.0 868.0 83.0 que ie luy feiſſe relier ce liure tout a

468.0 853.0 866.0 85.0 neuf:mais ie ne ſcay ſil ſe demãde en

466.0 918.0 878.0 83.0 aix de boys/ ou en aix de papier. Il

179.0 1043.0 1151.0 83.0 ou couuert de ueloux. Ie doubte auſſi ſil entend q̃

466.0 978.0 876.0 77.0 ne ma point dict, fil le ueult en beau,

179.0 1102.0 1159.0 91.0 ie le face dorer, et changer la facon des fers et des

181.0 1165.0 1157.0 83.0 cloux, pour le faire a la mode qui court. Iay grãd

181.0 1226.0 1163.0 93.0 peur quil ne ſoit pas bien a ſon gre. Il me haſte ſi

177.0 1294.0 1165.0 89.0 fort, ⁊ me donne tãt de choſes a faire a ung coup,

175.0 1353.0 1171.0 83.0 que ioublie lune pour lautre. Dauantage Venus

177.0 1416.0 1169.0 81.0 ma dict ie ne ſcay quoy q̃ ie diſſe aux Iouuencelles

179.0 1487.0 1167.0 87.0 de Cypre touchãt leur beau tainct. Iuno ma dõne

177.0 1545.0 1169.0 89.0 charge en paſſant que ie luy apporte q̃lque dorure,

179.0 1606.0 1173.0 83.0 quelque iaſeran,ou quelque cincture a la nouuelle

183.0 1669.0 1171.0 95.0 facon ſil en ya point ca bas. Ie ſcay biẽ que Pallas

179.0 1738.0 1175.0 83.0 me demandera ſi ſes poetes auront rien faict de

181.0 1796.0 1167.0 88.0 nouueau. Puis il me fault aller mener a Charon

185.0 1857.0 1171.0 95.0 .xxvii. ames de coquins, qui ſont mortz de lãgueur

187.0 1924.0 1171.0 101.0 ce iourdhuy par les rues, ⁊ treize qͥ ſe ſõt entretuez

1073.0 1983.0 133.0 117.0 A.iii.
